3228 5232
773 392 988 454 ..14-

266 619 280 628 '¹
313 619 314 625 ¹
364 595 440 664 Iam
463 593 661 673 videamus,
686 594 819 680 quibus
843 594 983 662 vicibus
1007 593 1065 661 hic
1088 591 1291 663 infinitivus
1321 591 1502 676 fungatur.
1611 614 1612 684 9

259 686 353 788 Agit·
386 700 538 769 subiecti
572 707 606 766 et
640 698 771 766 obiecti
800 703 919 784 partes
961 697 1115 778 (deins.
1146 699 1216 776 obi.
1248 719 1280 766 v.
1310 704 1418 784 caput
1440 696 1508 788 Il),¹

141 850 144 856 ·
193 847 195 852 -
259 794 422 896 fungitur
463 806 621 902 nominis
659 800 895 894 praedicativi·
936 802 1089 881 vicibus
1127 801 1300 870 accedunt
1337 800 1382 869 ad
1421 820 1504 870 eum

261 910 447 1014 attributa,
469 906 602 995 pendet
625 929 643 974 e
665 907 1055 998 praepositionibus¹⁹).
1094 889 1096 904 ¹
1611 897 1612 906 ’

260 1071 287 1133 1.
330 1035 395 1133 101.
430 1064 657 1138 substantive
681 1072 876 1160 usurpatus
907 1071 962 1132 est
993 1033 1195 1133 subiectum
1218 1063 1512 1162 grammaticum
1611 1053 1612 1088 ³

295 1208 297 1210 ·
348 1239 351 1243 ,
414 1167 465 1268 a).
497 1184 744 1270 praedicatum
768 1197 823 1254 est
844 1186 994 1259 ¹verbum
1017 1184 1216 1272 personale.

266 1325 270 1330 ·
359 1305 508 1377 Exempla
527 1304 620 1363 Plinii
638 1310 710 1364 sunt
697 1305 814 1364 t2haec

360 1391 437 1451 Nam
461 1393 617 1462 delectare,
642 1391 822 1492 persuadere
849 1392 964 1464 copiam
991 1392 1109 1506 dicendi
1134 1391 1326 1462 spatiumque
1352 1390 1503 1450 desiderat
1611 1397 1612 1456 j

257 1485 280 1548 1,
299 1483 342 1548 20,
362 1485 404 1538 18

359 1566 496 1646 Laudare
513 1584 584 1626 vero
604 1566 751 1637 optimum
778 1567 946 1639 principem
970 1585 1056 1626 ac-
1075 1569 1123 1624 ost
1110 1564 1233 1624 tendere
1257 1565 1337 1646 idem
1361 1569 1395 1623 ut
1382 1564 1502 1624 tilitatis

258 1653 347 1712 babet
349 1699 356 1724 ,
335 1641 560 1724 tamugautiae
576 1653 654 1712 nihil
671 1659 696 1722 9,
716 1659 757 1722 18,
775 1661 800 1712 9.
1098 1668 1099 1674 ’
1400 1687 1401 1692 9

150 1813 152 1816 ¹
266 1771 269 1778 ·
327 1739 473 1822 3Vereor
490 1741 571 1798 00990
590 1759 628 1800 00
646 1741 678 1798 id
696 1741 775 1812 quod
794 1741 929 1812 improbo
946 1740 1097 1811 insectari,
1115 1755 1236 1812 carpere
1253 1740 1315 1798 fere
1332 1738 1405 1796 huic
1421 1737 1510 1808 quod·

257 1843 326 1884 cum
344 1827 475 1887 maxime
493 1828 859 1900 praecipimus'repugnet
878 1834 902 1898 8,
921 1831 964 1895 22,
982 1834 1007 1887 4.

360 1915 439 1988 Quid
466 1915 546 1975 enim
574 1933 730 1976 commune
756 1917 846 1975 habet
873 1916 1064 1975 occideret
1034 1920 1064 1974 et
1089 1914 1239 1984 relegare?
1283 1914 1352 1974 Non
1378 1912 1503 1972 hercule

257 2001 353 2072 magis
372 2020 465 2072 quam
483 2003 616 2072 relegare
633 2008 663 2064 et
680 2003 834 2062 absolvere
851 2007 877 2069 8
897 2009 938 2069 14,
958 2009 1000 2061 14

358 2089 436 2148 Nam
455 2090 573 2160 saepius
592 2105 731 2149 recusare
750 2091 922 2160 ambiguam
946 2108 981 2148 ac
997 2090 1098 2160 potius
1116 2089 1269 2148 illam’t
1223 2107 1256 2147 90
1256 2088 1502 2160 terpretationem

255 2176 345 2236 habet
361 2177 446 2247 P69,
465 2183 506 2236 96.
1611 2233 1612 2240 ,

359 2263 507 2323 Sollicitat
533 2265 665 2336 primum
694 2265 761 2336 ipsa
787 2265 979 2336 pulchritudo
1006 2263 1159 2334 iungendi,
1189 2263 1299 2322 deinde
1329 2262 1409 2333 quod
1438 2280 1502 2320 000
1611 2245 1612 2272 ³

255 2351 356 2409 minus
374 2357 409 2410 ut
396 2351 449 2410 tile
468 2369 558 2422 quam
576 2353 798 2424 voluptuosum,
821 2369 911 2423 posse
934 2357 1061 2423 utraque
1079 2350 1183 2410 eadem
1201 2367 1290 2421 opera
1308 2381 1340 2388 -
1360 2350 1508 2416 inviseres

253 2467 287 2479 ·-
305 2437 422 2507 habere,
447 2457 539 2501 unam
554 2440 665 2498 9911909
684 2439 781 2499 001990
805 2447 966 2506 atemere,
991 2440 1114 2499 alteram
1139 2444 1256 2497 tantum
1274 2438 1395 2506 tueri3,
1415 2443 1456 2509 19,
1474 2443 1502 2495 2.

358 2527 505 2586 Addenda
518 2525 667 2597 Draegero
684 2528 716 2586 II
734 2547 763 2599 p
781 2533 844 2586 357:

366 2615 430 2673 lam
460 2616 541 2685 apud
566 2615 708 2674 Plautum
735 2621 835 2674 exstat
791 2615 909 2674 991990
935 2632 1010 2674 0909
1034 2613 1190 2672 9019099999·
1218 2613 1287 2671 trin.
1308 2618 1385 2672 1034.
1420 2613 1502 2683 apud
1611 2605 1612 2672 i

262 2701 451 2763 Lucretium:
477 2708 501 2770 5,
522 2707 589 2762 1248
608 2720 652 2773 sq
672 2707 737 2762 1977
757 2721 800 2773 sq.
827 2708 894 2762 1403
913 2701 1108 2773 9991199901
1126 2700 1388 2769 1.5,10968Μ.
1423 2699 1501 2770 Nep.

261 2788 364 2870 Epam
386 2795 453 2858 1,.
428 2793 443 2823 ⁰
482 2788 553 2848 Sall.
572 2789 638 2860 lug.
656 2794 743 2855 85,.9
772 2789 861 2860 Verg.
880 2806 978 2860 georg.
996 2795 1022 2859 9,
1040 2793 1091 2848 209
1111 2807 1155 2860 sq.
1184 2790 1259 2846 Aen.
1278 2791 1304 2858 6,
1321 2791 1379 2846 852.
1409 2787 1501 2857 Apud
1611 2803 1612 2814 ¹

255 2862 446 2936 Ciceronem
467 2877 504 2936 de
532 2878 959 2943 orat.1.49,187.Tusc.l
983 2883 1025 2948 36,
1044 2881 1087 2938 88
1122 2876 1343 2941 1799909818
1370 2894 1398 2931 v
1416 2893 1446 2945 p.
1467 2879 1500 2931 12
1611 2887 1612 2960 }

255 2969 373 3034 ‚potest
374 2964 425 3022 as.
429 2963 580 3022 ‘Raram
599 2965 859 3031 constructionem
876 2965 963 3024 cuius
982 2965 1112 3034 Draeger
1137 2964 1209 3023 ibid.
1228 2967 1311 3022 ment
1312 2964 1409 3021 ionem
1428 2961 1502 3020 facit
1611 3001 1612 3040 3

252 3050 302 3118 (ex
320 3050 428 3109 infinit'
407 3056 468 3110 trvo
487 3052 598 3122 pendet
617 3052 926 3122 obiectum),·praebet
949 3053 1123 3124 exemplum
1140 3049 1232 3110 Plinii
1250 3055 1275 3119 3,
1295 3055 1335 3120 18,
1355 3055 1379 3120 9,
1409 3067 1501 3120 supra
1611 3049 1612 3066 ¹

253 3136 415 3196 laudatum.

408 3261 458 3344 b).
491 3260 739 3349 praedicatum
764 3271 818 3330 099
840 3261 970 3350 copula
994 3283 1075 3332 cum
1097 3261 1278 3331 infinitivo
1298 3265 1499 3333 coniuncta.

357 3381 491 3451 Draeger
516 3382 532 3440 Ι
561 3400 590 3453 p.
617 3388 675 3441 331.
725 3382 758 3440 Π
787 3401 814 3453 p.
845 3389 904 3441 366.
959 3383 1101 3443 Kuehner
1133 3383 1165 3442 ΙΙ
1196 3403 1225 3455 p.
1254 3390 1304 3443 489
1312 3385 1339 3442 b.
1392 3383 1501 3451 Menge

256 3487 303 3528 no.
322 3475 374 3527 415
392 3487 460 3527 ann.
481 3475 503 3527 1.

358 3555 452 3626 Apud
469 3556 602 3615 Plinium
622 3562 743 3617 exstant
760 3558 834 3617 haec
850 3559 1001 3629 exempla:

266 3645 269 3650 '
357 3643 390 3702 Si
407 3643 508 3702 valere
525 3651 572 3702 099
590 3661 771 3715 suspensum
789 3652 819 3705 et
836 3647 962 3705 anxium
980 3646 1089 3706 vivere.
1124 3652 1149 3713 3,
1170 3652 1210 3712 17,
1230 3652 1254 3706 3.

355 3730 535 3798 (vindemias
562 3762 595 3772 -
623 3731 753 3802 collig013
789 3733 814 3792 si
842 3732 982 3803 colligere
1016 3741 1062 3792 est
1095 3751 1311 3804 nonnunquam
1339 3733 1500 3802 decerpere
1611 3743 1612 3794 l

252 3835 350 3888 uvam,
378 3817 530 3876 torculum
548 3818 687 3887 invisere,
717 3819 876 3890 degustare
893 3821 931 3879 de
949 3820 1017 3880 lacu
1034 3827 1177 3888 mustum,
1205 3821 1346 3891 obrepere
1375 3819 1508 3904 urbanis¹

252 3910 278 3972 9,
297 3909 338 3972 20,
358 3909 382 3962 2.

340 4044 558 4115 'Dicendum
593 4050 665 4116 iam
700 4056 754 4116 est
789 4048 831 4116 de
861 4050 1054 4126 attributio,
1088 4071 1179 4134 quae
1209 4048 1254 4116 ad
1277 4049 1501 4118 infinitivum
1611 4051 1612 4072 ³

259 4151 489 4219 substantive
518 4161 731 4238 usurpatum
764 4152 945 4224 accedunt.
991 4157 1111 4240 Atque
1131 4154 1363 4226 infinitivum
1391 4157 1502 4222 etiam

258 4258 289 4322 si
326 4255 545 4324 substantivi
579 4255 698 4327 locum
733 4267 864 4338 teneat,
898 4257 1076 4332 adverbiis
1111 4259 1252 4330 definiri
1285 4281 1366 4329 cum
1400 4257 1499 4340 leges

258 4361 511 4444 grammaticae
545 4361 704 4441 iubeant,
740 4362 784 4431 ad
818 4364 915 4434 hunc
949 4364 1170 4434 infinitivum
1200 4372 1394 4452 postquam
1425 4367 1501 4432 vim

254 4463 434 4532 verbalem
460 4468 569 4542 exuit,
604 4469 711 4536 etiam
741 4468 912 4542 attributa
944 4470 1106 4538 accedere
1130 4480 1330 4557 coeperunt.
1386 4469 1499 4538 Cuius

257 4568 528 4638 consuetudinis
552 4573 656 4639 initia
678 4576 750 4640 iam
776 4571 872 4658 apud
896 4574 1068 4644 Plautum
1092 4583 1237 4644 exstant
1259 4582 1294 4644 et
1310 4578 1502 4661 scriptores
