3228 5232
590 343 808 407 ..79-

91 550 263 617 notionem
304 549 542 632 originariam.
598 546 836 615 Inveniuntur
876 551 995 616 autem
1030 543 1126 631 apud
1164 545 1324 615 Plinium

89 651 151 722 duo
172 651 251 730 loci,
277 654 339 738 qui
361 652 432 719 huc
456 659 635 737 spectent:
662 650 690 717 P
715 655 767 730 86,
791 655 830 717 21
857 673 931 737 sqq.
958 659 992 719 et
1015 655 1115 737 epist.
1140 650 1171 728 4,
1195 656 1225 728 3,
1249 655 1278 718 5.
1331 653 1333 658 ’

185 755 213 823 Ρ
237 762 290 834 86,
313 761 353 823 21
380 777 462 842 sqq:
487 777 506 823 o
530 759 602 823 rein
627 758 818 823 memoriae
840 755 1040 841 litterisque
1063 751 1322 824 mandandam!

88 860 302 929 Praefectum
336 863 512 946 praetorio
547 881 620 929 non
657 881 700 927 ex
735 861 981 942 ingerentibus
1017 881 1065 938 se,
1095 859 1163 928 sed
1194 861 1322 928 esub-

87 964 303 1034 trahentibus
343 964 470 1049 legere,
516 963 740 1050 eundemque
785 968 858 1032 otio
900 999 938 1009 -
979 964 1122 1032 reddere
1161 1001 1213 1044 -,
1251 985 1324 1032 non

88 1073 208 1154 quietis
231 1069 348 1154 gloria
370 1068 537 1137 invidere.

181 1173 228 1241 Hi
267 1183 338 1242 tres
381 1172 558 1274 infinitivi
597 1182 754 1259 possunt
798 1172 960 1257 intellegi
1005 1173 1219 1261 epexegetici
1264 1173 1323 1242 vel

86 1281 318 1363 appositionis
360 1279 500 1346 vicibus
545 1277 747 1362 fungentes,
793 1300 811 1346 e
857 1301 890 1345 n.
918 1279 1161 1348 substantivo
1207 1281 1323 1357 ..rem“

85 1385 171 1468 apti;
206 1381 268 1450 sed
303 1382 413 1450 verba
450 1405 489 1460 ,ο
514 1403 587 1450 rem
610 1384 804 1450 memoriae
836 1381 1036 1468 litterisque
1059 1381 1322 1451 mandandam‘

86 1491 184 1556 etiam
209 1487 334 1555 deesse
356 1507 475 1571 posse,
508 1489 560 1554 ita
582 1495 623 1554 ut
645 1484 819 1554 infinitivi
843 1489 1017 1555 enuntiati
1043 1489 1203 1572 primarii
1227 1491 1322 1556 vices

87 1594 284 1659 sustineant
321 1613 425 1658 nemo
463 1613 535 1659 non
569 1589 668 1659 videt
702 1590 946 1677 exemplisque
981 1595 1141 1661 omnium
1176 1591 1324 1678 linguae

86 1694 227 1764 Latinae
242 1703 444 1780 temporum
459 1693 692 1784 confirmatur
719 1697 768 1776 (v.
783 1694 956 1763 Kuehner
971 1694 993 1763 l.
1011 1695 1033 1763 l.
1051 1695 1086 1763 ΙΙ
1101 1718 1124 1782 p
1142 1702 1204 1765 531
1220 1701 1323 1784 sqq).

88 1801 196 1886 Atque
237 1804 348 1880 „rem“
386 1804 629 1875 accusativum
665 1799 939 1868 exclamationis
979 1821 1057 1868 esse
1097 1823 1178 1870 eum
1217 1823 1321 1870 nemo

86 1925 205 1988 negare
245 1906 374 1991 possit,
419 1902 610 1972 infinitivis
657 1913 798 1990 q'uoque
837 1903 986 1974 eandem
1024 1904 1324 1989 significationem

86 2009 266 2102 concedere
288 2008 381 2092 nihil
405 2010 515 2078 obest.
562 2005 631 2090 (Or.
656 2009 716 2076 Dr.
740 2008 786 2085 ΙΙ,
808 2009 899 2088 437).

180 2125 284 2199 Alter
321 2130 421 2198 locus
458 2126 511 2198 es't
544 2131 617 2199 hic:
654 2139 685 2209 4,
719 2131 756 2208 3,
785 2135 818 2198 5:
856 2131 1094 2200 Hominemne
1117 2130 1323 2201 Romanum

85 2241 150 2303 tam
172 2255 299 2320 graece
321 2233 446 2321 loqui?
482 2234 619 2316 (vehi)
678 2303 681 2310 .
934 2299 936 2308 .

183 2339 283 2420 Quae
340 2343 538 2408 enuntiatio
597 2361 677 2409 cum
730 2339 947 2425 particulam
1007 2346 1089 2418 „ne‘
1145 2341 1325 2426 praebeat,

87 2448 240 2528 quaestio
264 2439 395 2530 potest
415 2448 542 2530 accipi;
578 2447 748 2530 quoniam
777 2449 859 2522 „ne“
886 2448 1004 2515 omitti
1038 2454 1167 2530 potest,
1203 2443 1323 2512 excla-

86 2552 271 2617 mationem
297 2570 438 2635 quoque
462 2557 602 2617 exstare
626 2570 823 2617 censemus
871 2549 990 2634 Atque
1018 2571 1062 2616 ne
1086 2551 1153 2618 hoc
1178 2548 1321 2635 quidem

85 2649 154 2720 loeo
191 2653 349 2740 ellipsim
373 2675 403 2739 q.
430 2652 462 2720 d.
497 2657 620 2740 utique
655 2653 816 2722 exhiberi
852 2652 1076 2732 crediderim
1111 2674 1196 2737 nam
1231 2657 1325 2722 sicut

86 2762 213 2827 nemini
265 2761 464 2827 succurrit
490 2763 646 2828 nominis
706 2761 927 2828 substantivi
984 2763 1206 2836 accusativo,
1264 2761 1325 2845 qui

88 2861 351 2930 exclamationis
363 2872 482 2947 partes
497 2865 580 2945 agit.
597 2861 795 2948 quidquam
813 2871 931 2931 mente
949 2862 1125 2950 supplere,
1142 2867 1193 2931 ita
1210 2884 1325 2949 neque

87 2965 282 3034 infinitivus
313 2988 428 3052 neque
463 2987 531 3034 acc.
558 2988 584 3034 c.
615 2966 675 3034 inf.
712 2970 814 3045 coni..
851 2989 1001 3053 quorum
1037 2977 1228 3054 utrumque
1252 2990 1325 3037 non

85 3090 155 3138 raro
203 3093 265 3156 pro
305 3073 535 3140 substantivo
582 3075 751 3158 usurpari
796 3093 905 3157 supra
949 3071 1119 3152 vidimus
1166 3072 1324 3158 ellipsim

86 3177 217 3258 exigere
245 3175 396 3244 videtur.
1193 3164 1196 3172 ¹

183 3279 234 3348 Cf.
271 3280 300 3346 P
336 3285 388 3358 63,
423 3285 480 3348 22:
519 3301 558 3359 „o
592 3302 702 3366 prava
736 3281 884 3350 ambitio
918 3319 954 3326 -ν
988 3285 1253 3366 concupiscere‘
1292 3289 1326 3349 et

86 3381 111 3448 P
133 3391 183 3464 80,
210 3389 266 3452 15:
305 3407 344 3464 „o
371 3408 449 3452 vere
471 3389 643 3471 principis
662 3421 703 3432 -
720 3385 967 3453 reconciliare“
988 3391 1035 3472 (p.
1057 3392 1096 3454 10
1114 3395 1148 3454 et
1164 3391 1211 3465 9),
1236 3407 1326 3470 quae

86 3491 295 3557 variationes
318 3489 493 3559 rhetorico
517 3489 644 3571 grandi
667 3489 809 3557 dicendi
838 3493 959 3574 generi
990 3489 1203 3559 tribuendae
1226 3496 1322 3558 sunt.

183 3609 280 3678 Haec
319 3609 462 3697 quidem
507 3613 798 3696 conscripseram,
842 3633 920 3679 eum
958 3610 1120 3680 Schiitzii
1159 3611 1325 3680 libellum

87 3735 184 3799 quem
219 3736 328 3800 supra
373 3713 522 3783 laudavi.
570 3718 745 3800 inspicere
779 3718 871 3785 mihi
904 3716 1006 3784 licuit
1041 3724 1075 3785 et
1108 3737 1327 3803 quamquam

85 3839 114 3885 v.
139 3819 170 3886 d.
197 3819 239 3887 de
262 3820 331 3888 hoc
353 3819 526 3905 loquendi
549 3819 654 3889 modo
680 3820 789 3887 verba
812 3841 885 3887 non
909 3820 1003 3898 facit,
1026 3828 1146 3887 tamen
1170 3823 1214 3887 iis
1233 3841 1323 3905 quae

86 3921 124 3990 de
168 3923 338 3992 infinitivi
382 3928 540 4009 genuina
584 3933 712 3993 natura
757 3924 857 4002 droit,
916 3933 957 3992 ut
1007 3946 1123 4010 pauca
1167 3923 1319 3992 adiciam

85 4048 317 4097 commoveor.
381 4029 448 4096 llst
481 4029 571 4098 mihi
595 4033 666 4097 iam
690 4052 763 4099 non
799 4029 960 4103 dubium.
996 4033 1083 4116 quin
1118 4027 1321 4097 infinitivus

85 4135 120 4200 in
143 4134 401 4203 exclamatione
425 4133 484 4202 vel
516 4138 552 4202 in
589 4139 797 4220 quaestione
832 4133 1055 4218 indignantis
1089 4137 1244 4218 positus,
1279 4136 1327 4200 sit

85 4237 283 4307 infinitivus
320 4239 509 4308 absolutus
539 4239 576 4308 id
612 4247 666 4307 est
700 4239 828 4310 modus
862 4241 962 4309 verbi
997 4238 1199 4316 absolutus,
1234 4240 1327 4305 siout

85 4347 304 4411 accusativus
340 4347 377 4411 in
406 4343 664 4413 exclamatione
695 4350 903 4430 usurpatus
940 4351 994 4411 est
1028 4347 1185 4411 nominis
1220 4363 1324 4409 casus

86 4447 268 4516 absolutus
286 4447 351 4548 vvel
374 4448 549 4516 infinitus.
609 4447 743 4534 Ellipsi
766 4452 875 4531 igitur
897 4450 985 4516 haec
1009 4451 1227 4517 constructio
1252 4467 1325 4514 non

86 4559 168 4632 eget.
205 4553 246 4620 cf.
273 4551 442 4638 Aeschyl.
467 4553 570 4621 Eum.
596 4558 677 4620 835:
703 4551 755 4636 ἐμὲ
779 4553 884 4615 παθεῖν
907 4551 985 4628 τάδε,
1010 4558 1075 4637 φεῦ,
1099 4550 1152 4636 ἐμὲ
1175 4551 1250 4614 κατὰ
1273 4556 1326 4634 γᾶν
