3210 5236
639 388 855 452 -139-

119 613 279 677 rogare
309 590 583 677 quoquomodo
609 593 776 677 spiritum
798 591 938 660 homini
964 598 1205 676 prorogarent.
1253 597 1371 661 exstat

120 695 182 764 inl.
207 696 291 765 hist.
315 717 379 782 pro
404 696 622 782 imperfecto,
647 694 744 782 quod
769 694 1121 780 ,Hauptncchdruck
1144 696 1208 764 cuf
1220 694 1372 764 Verlauf

115 799 190 869 und
214 799 338 868 inhalt
362 800 422 869 der
446 798 644 884 chdlung
666 798 815 884 gelegt“.
864 798 1009 878 (Sohiitn
1033 821 1066 886 p.
1084 803 1147 878 21.)

221 928 251 1002 6,
265 928 317 1001 20,
331 927 455 990 9—12:
473 959 513 967 -
527 924 642 991 nubes
660 930 738 989 atra
757 927 792 989 et
804 920 1035 989 horrenda-
1050 920 1371 1007 dehiscebat,-

115 1051 189 1097 non
213 1027 327 1096 multo
352 1033 437 1114 post
467 1024 532 1095 illa
555 1028 671 1096 nubes
696 1024 965 1094 descendere
988 1029 1026 1094 in
1049 1036 1172 1109 terras,
1197 1031 1370 1114 operire

115 1135 253 1201 omnia:
309 1136 514 1200 cinxerat
565 1131 719 1216 Capreas
774 1139 808 1199 et
864 1130 1189 1210 absconderat,
1236 1132 1371 1202 Miseni

113 1235 213 1323 quod
244 1241 419 1322 procurrit
442 1236 703 1304 abstulerat
737 1240 921 1317 (commate
946 1257 1010 1320 ego
1035 1239 1249 1323 interpungo
1281 1245 1366 1324 post

117 1341 415 1419 ‚,absconderct“).
483 1339 573 1410 Tum
619 1348 732 1409 mater
779 1361 923 1419 orare,
968 1341 1165 1420 hortari,
1210 1341 1368 1410 iubere

114 1467 260 1533 quoquo
286 1445 392 1540 modo
416 1446 573 1530 fugerem
598 1482 638 1490 —
663 1445 741 1530 Ego
767 1454 899 1524 contre,
933 1445 1074 1515 salvum
1107 1468 1163 1515 me
1195 1449 1267 1517 nisi
1293 1468 1368 1517 una

114 1573 190 1620 non
206 1549 379 1631 futurum,
396 1550 478 1620 dein
495 1572 624 1619 manus
642 1554 718 1619 eius
733 1549 921 1636 amplexus
939 1549 1067 1619 addere
1081 1550 1233 1635 gradum
1250 1572 1367 1637 cogo.

222 1689 351 1758 Totum
380 1690 445 1760 hoo
468 1689 552 1759 libri
576 1693 669 1759 sexti
700 1697 808 1776 caput
839 1693 1048 1760 vicesimum
1078 1697 1203 1776 aptum
1227 1691 1368 1760 videtur

115 1804 154 1864 et
190 1798 293 1882 quasi
326 1795 460 1863 factum
497 1793 542 1862 ad
575 1794 783 1864 discrimina
817 1806 1019 1881 temporum
1052 1793 1199 1878 linguae
1234 1793 1395 1865 latinae

115 1899 346 1986 explananda
383 1898 470 1967 adeo
507 1909 548 1968 ut
581 1903 710 1968 mirum
750 1902 787 1967 in
822 1899 968 1982 modurn
1006 1899 1052 1967 ad
1087 1900 1369 1988 unumquodque
1503 1969 1505 1975 .

113 2007 266 2075 verbum
313 2004 621 2091 interpretandum
668 2003 877 2073 alliciantur.
948 2003 1019 2072 Sed
1065 2003 1250 2074 deficiente
1294 2008 1367 2073 iam

113 2110 242 2178 charta
290 2109 359 2177 hoc
406 2107 606 2178 ostendisse
645 2112 733 2176 satis
768 2113 842 2177 erit.
901 2110 1019 2195 Atque
1058 2107 1151 2177 nihil
1185 2110 1254 2179 hoc
1287 2109 1367 2179 loco

115 2213 280 2282 Sohiitzii
327 2217 524 2282 sententiae
570 2215 681 2282 obest.
750 2214 891 2283 Priores
931 2217 1026 2282 enim
1076 2213 1146 2282 duo
1195 2213 1368 2283 infinitivi

115 2316 327 2403 significent
368 2322 544 2388 actionem
584 2327 657 2387 tam
697 2319 925 2388 vehementer
963 2341 1000 2387 se
1038 2316 1291 2405 perficientem,
1328 2328 1370 2388 ut

110 2426 236 2492 stetim
261 2430 457 2510 postquam
483 2443 525 2491 ec
548 2421 654 2492 desiit
671 2422 817 2493 effectus
835 2430 1121 2510 repraesentetur
1143 2420 1366 2502 manifestus,

111 2527 151 2596 id
178 2526 272 2614 quod
289 2528 405 2596 tribus
422 2527 793 2614 plusquamperfectis
817 2531 993 2614 imprimis
1010 2530 1113 2598 tertio
1131 2526 1366 2611 significatur.

111 2632 164 2700 Et
197 2632 395 2718 imperfecti
430 2629 671 2718 infinitivique
707 2632 870 2701 historici
904 2636 977 2701 vim
1010 2654 1084 2702 non
1117 2631 1265 2700 eandem
1290 2653 1368 2700 esre

111 2741 249 2823 optime
285 2737 353 2805 hoc
388 2738 552 2824 exemplo
590 2735 756 2805 docemur
802 2735 860 2818 (cf.
895 2737 1062 2805 Iaenioke
1096 2735 1120 2805 l.
1155 2735 1179 2804 l.
1216 2757 1249 2824 p.
1287 2743 1368 2815 138;

110 2849 239 2910 contra
263 2839 452 2910 Woelfflin
476 2841 612 2910 Archiv
646 2841 684 2909 X
716 2864 749 2927 p.
789 2848 850 2911 180
885 2841 962 2923 inf.)
998 2878 1039 2887 -
1073 2840 1203 2912 Tribus
1238 2841 1366 2910 deinde

112 2946 311 3016 infinitivis
346 2947 607 3031 posterioribus
642 2950 997 3032 exprimuntur‘tres
1026 2948 1183 3015 actiones
1208 2946 1368 3014 celeriter

115 3073 158 3120 se
193 3053 409 3138 excipientes
450 3072 610 3137 quaeque
648 3054 685 3120 vi
724 3058 829 3138 atque
876 3054 998 3136 vigore
1045 3050 1259 3130 efficiuntur,
1304 3073 1366 3138 per·

109 3155 339 3240 gradationis
362 3154 516 3238 figuram
541 3154 743 3234 ordinatam
777 3171 935 3243 tempore
968 3155 1121 3243 denique
1149 3155 1252 3225 finito
1277 3177 1307 3242 q.
1334 3154 1366 3223 d.

111 3266 245 3343 „cogo“
284 3262 375 3327 actio
412 3259 588 3328 definitur.
646 3259 701 3327 Ita
730 3260 788 3328 hic
819 3260 920 3330 locus
953 3268 1134 3347 comparet
1161 3260 1366 3348 exemplum
1488 3252 1490 3256 ’

108 3363 315 3433 secundum
341 3368 462 3432 omnic
486 3367 572 3432 ortis
596 3372 786 3452 praecepte
808 3366 1013 3452 perfectum.

229 3485 283 3553 De
317 3485 576 3556 vocabulorum
612 3490 787 3571 asyndeto
824 3487 865 3556 cl.
891 3488 930 3555 Ε.
954 3487 1110 3565 Norden,
1145 3487 1188 3555 de
1218 3488 1369 3556 Minucii

115 3591 252 3660 ‚Felicis
278 3598 393 3659 aetate
417 3601 451 3659 et
472 3612 600 3674 genere
625 3591 774 3661 dicendi.
820 3592 1023 3680 Gryphisw.
1051 3598 1144 3662 1897.
1176 3614 1210 3679 p.
1236 3598 1277 3660 29
1291 3613 1367 3679 sqq.

220 3712 333 3781 Posse
357 3734 419 3798 pro
445 3713 506 3781 inf.
531 3714 614 3782 hist.
641 3719 807 3800 usurpari
841 3736 1009 3802 praesens
1042 3716 1254 3784 historicum
1278 3736 1309 3802 q.
1335 3715 1368 3783 d.

111 3815 282 3894 concedo,
319 3819 369 3884 ita
405 3823 527 3886 tamen
559 3825 600 3885 ut
634 3817 772 3904 aliquid
807 3821 949 3888 intersit
979 3823 1072 3887 inter
1102 3819 1171 3889 hoc
1195 3826 1230 3887 et
1252 3819 1366 3888 illum.

109 3917 316 4002 (Woelfflin
341 3921 475 3990 Archiv
499 3921 535 3989 X
558 3945 590 4009 p.
620 3928 705 3996 181.)

218 4042 387 4129 Sequitur
400 4042 558 4113 eiusdem
578 4048 706 4131 capitis
724 4048 885 4114 vicesimi
900 4045 1002 4115 locus
1020 4045 1124 4113 alter:
1142 4050 1173 4125 6,
1184 4051 1237 4124 20,
1248 4053 1367 4133 lisq:

111 4156 264 4226 eraut,
290 4151 352 4234 qui
375 4157 472 4218 metu
497 4153 622 4218 mortis
641 4157 790 4219 mortem
813 4159 1057 4237 precarentur:
1083 4149 1188 4218 multi
1212 4149 1257 4218 ad
1282 4150 1367 4219 deos

111 4272 241 4321 manus
281 4251 475 4330 tollere,
509 4254 630 4341 plures
665 4277 845 4341 nusquam
880 4258 951 4324 iem
988 4254 1073 4325 deos
1108 4253 1228 4340 ullos,
1255 4262 1368 4323 aeter-

112 4377 273 4443 namque
319 4357 420 4427 illem
467 4367 502 4426 et
547 4362 783 4428 novissimam
830 4372 969 4427 noctem
1013 4359 1148 4429 mundo
1195 4363 1368 4446 interpre-

112 4460 327 4530 tabantur.
361 4462 434 4529 Neo
459 4461 730 4534 defuerunt.
747 4466 809 4550 qui
822 4463 914 4532 fietis
928 4467 1162 4551 mentitisque
1174 4465 1369 4533 terroribus

111 4565 272 4651 pericula
307 4577 529 4650 augerent.
599 4568 822 4648 Aderant,
862 4572 922 4655 qui
958 4569 1093 4637 Miseni
1126 4568 1219 4638 illud
1253 4571 1369 4637 ruisse
