3228 5232
781 393 998 458 ..ῑὸ-

265 594 544 679 intellegendam
561 601 683 664 censet
698 604 805 682 atque
821 599 873 666 ita
889 600 995 665 etiam
1011 596 1131 666 locum
1148 597 1251 666 illum
1265 597 1509 684 Vergilianum

267 702 372 784 (Aen.
403 700 429 780 1,
458 702 515 782 37)
552 703 828 787 interpretatur:
872 723 975 788 mene
1008 705 1149 789 incepto
1181 702 1350 773 desistere
1381 708 1508 774 victam

266 812 345 874 cett.
375 803 464 874 Sed
488 804 671 874 difficilius
698 826 784 889 esse,
807 805 1012 875 crediderim
1037 806 1279 880 demonstrare
1298 809 1509 895 particulam

269 915 351 989 ,11“
377 913 414 978 in
439 909 520 978 aliis
546 930 686 995 quoque
723 912 918 979 enuntiatis
942 914 1111 980 inveniri·
1130 933 1235 998 quam
1266 917 1304 981 in
1328 917 1507 1000 quaestio-

268 1017 386 1085 nibus
435 1015 569 1084 Contra
592 1014 809 1100 Draegerum
845 1014 1006 1110 disputat
1036 1013 1276 1086 Strotkoetter
1306 1017 1328 1085 l.
1353 1017 1375 1086 l.
1401 1039 1435 1104 p.
1462 1023 1510 1096 26,

268 1141 346 1191 mea
363 1119 507 1207 quidem
524 1123 700 1188 sententia
716 1142 789 1190 non
805 1119 970 1200 feliciter;
986 1141 1070 1189 nam
1088 1113 1172 1189 Aci:
1193 1128 1247 1200 „te
1264 1159 1305 1168 -
1321 1120 1508 1191 1111111111*ι

268 1227 498 1311 grammatice
534 1227 591 1306 (ut
614 1246 681 1293 nos
706 1223 874 1307 dicimus)
899 1247 942 1293 ex
968 1225 1046 1302 „Me
1070 1227 1260 1302 Miserum“
1286 1249 1359 1297 non
1382 1227 1512 1314 pendet

269 1329 432 1417 talesque
478 1333 675 1397 sententiae
713 1321 796 1398 ¹esse
837 1337 991 1416 possunt
1032 1330 1231 1409 absolutae,
1276 1353 1328 1400 ex.
1357 1353 1407 1418 gr.
1444 1330 1510 1400 Cic.

270 1435 331 1504 fin.
368 1441 400 1512 4,
428 1438 481 1511 27,
507 1439 565 1502 tc:
601 1432 670 1502 hoc
703 1457 777 1504 non
811 1433 942 1512 videre.
972 1437 1077 1502 cuius
1110 1438 1250 1520 generis
1286 1458 1376 1504 onus
1412 1440 1512 1505 navis

273 1542 399 1612 vehat!
444 1537 481 1607 id
516 1538 560 1607 ad
593 1540 843 1623 gubernatoris
880 1547 990 1608 artem
1025 1539 1118 1607 nihil
1151 1544 1342 1626 pertineret
1396 1546 1514 1628 Atque

269 1648 498 1733 quaestiones
533 1643 794 1728 indignationis
830 1664 860 1729 q.
887 1643 919 1711 d.
956 1643 1076 1729 ellipsi
1110 1646 1172 1714 vbi
1200 1655 1304 1722 sent..
1339 1645 1416 1726 dic..
1442 1646 1511 1716 vol.

273 1749 444 1818 declarari
466 1769 583 1835 posse,
615 1751 791 1834 imprimis
814 1755 959 1834 propter
980 1748 1193 1835 particulam
1220 1755 1302 1829 „nc“
1327 1751 1418 1820 mihi
1442 1773 1512 1819 non

269 1863 419 1924 constat.
445 1890 487 1900 -

374 1994 424 2063 Of.
449 2001 629 2080 praeterea
651 1992 824 2062 Kuchner
856 1993 879 2061 l.
903 1993 926 2061 l.
951 1992 987 2060 Π
1016 2014 1049 2078 p.
1074 1997 1136 2061 531
1162 2015 1236 2080 sqq.
1283 1993 1411 2079 Menge
1442 1995 1465 2063 l.
1490 1995 1510 2062 l.

270 2122 325 2168 no.
361 2104 425 2167 420
459 2097 512 2166 ΙΙΙ
550 2098 810 2177 (seheinbar
848 2098 1084 2182 unabhtingig
1122 2099 1218 2166 steht
1256 2095 1316 2166 der
1351 2098 1440 2181 Aoi)
1482 2109 1513 2166 et

269 2211 374 2274 4351.
393 2205 426 2272 b.
474 2201 620 2272 Sahmal
671 2202 694 2270 1.
726 2202 749 2270 1.
785 2225 818 2290 p.
850 2207 941 2270 295.
982 2201 1023 2270 G.
1055 2202 1202 2270 Miiller:
1239 2203 1326 2288 iiber
1361 2201 1416 2272 die
1453 2226 1510 2273 so-

269 2315 474 2392 genannten
511 2307 721 2391 unwiliigen
757 2307 831 2376 und
862 2305 1174 2390 missbilligenden
1198 2307 1339 2392 811111
1362 2311 1411 2376 im
1436 2309 1514 2376 Lat.
1598 2367 1599 2372 ,

270 2415 368 2498 Prgr.
394 2411 551 2481 Goerlitc
588 2416 672 2480 1815
705 2434 738 2498 p.
766 2417 815 2480 19.
864 2409 1204 2496 9111111924.
1245 2411 1308 2478 Ed.
1332 2410 1515 2482 Woelfflin

272 2519 464 2594 (Latinitdt
488 2515 549 2584 des
573 2518 675 2585 Asin.
700 2515 829 2586 Pollio.
855 2517 991 2585 Archiv
1015 2514 1077 2593 VI,
1109 2521 1203 2614 1889,
1233 2537 1266 2602 p.
1291 2522 1459 2600 35--1061
1483 2539 1514 2603 p.

274 2629 333 2692 101
370 2622 431 2690 inf.
479 2619 534 2688 W.
560 2620 784 2701 Guthmann
820 2623 907 2691 iiber
940 2624 1018 2688 eine
1041 2621 1109 2688 Art
1144 2618 1346 2705 unwilliger
1376 2621 1515 2707 Fragen

271 2732 321 2797 im
345 2727 421 2795 Lat.
448 2725 658 2810 Nuernberg
683 2730 775 2793 1891.

378 2848 508 2918 Cornif.
534 2854 564 2926 4,
590 2853 642 2925 15,
664 2849 716 2914 82.

376 2971 507 3039 Exstat
537 2979 656 3038 autern
691 2969 778 3037 haee
809 2975 987 3036 structura
1017 2967 1112 3065 apud
1141 2972 1330 3054 scriptores
1356 2974 1514 3038 omnium

272 3087 472 3163 temporum
496 3083 634 3160 praeter
656 3073 1056 3159 011111111111111111,
1074 3071 1265 3142 Manilium
1290 3073 1346 3155 (11.
1366 3074 1519 3151 Cramer,

272 3180 338 3250 Inf.
378 3201 432 3266 ap.
469 3178 669 3248 Manilium.
705 3179 851 3263 Argent.
891 3183 998 3250 18891.
1053 3177 1168 3274 Apud·
1199 3177 1405 3246 Ciceronem
1447 3200 1517 3246 non

273 3286 392 3354 solum
408 3288 445 3352 in
463 3283 628 3370 epistulis
644 3283 787 3366 legitur.
803 3290 844 3349 ut
858 3281 998 3360 volunt,
1023 3278 1086 3349 sed
1103 3286 1209 3350 etiarn
1225 3285 1262 3349 in
1281 3285 1516 3360 orationibus,

274 3412 325 3458 ex.
350 3411 400 3474 gr.
427 3388 468 3456 R.
494 3389 536 3456 A.
563 3395 615 3465 34,
638 3393 697 3456 95;
730 3396 811 3455 1111
834 3423 875 3432 -
899 3387 968 3454 tibi
989 3394 1109 3472 partes
1133 3388 1222 3453 istas
1247 3384 1517 3472 depoposcisse!

275 3497 339 3574 (ita
363 3514 533 3562 numerus
559 3491 717 3559 adiectus
741 3489 839 3577 apud
857 3491 1074 3574 Draegerum
1099 3498 1134 3558 et
1156 3489 1246 3558 alios
1271 3489 1514 3560 emendandus

275 3604 354 3681 est).
403 3598 453 3666 Oi.
480 3597 592 3665 Barth
614 3596 636 3664 l.
661 3595 684 3664 l.
709 3620 742 3684 p.
769 3603 788 3665 8
812 3618 863 3682 sq.
899 3593 1008 3682 Apud
1030 3596 1199 3663 Asinium
1221 3593 1314 3662 Poll.
1337 3599 1518 3665 invenitur

274 3709 327 3783 17,
344 3709 379 3772 3:
405 3724 474 3770 usu
497 3705 640 3769 venisse
664 3701 731 3770 hoc
758 3704 828 3769 civi
850 3700 1029 3768 Romano!
1057 3698 1153 3785 apud
1169 3698 1347 3767 Iustinum
1372 3704 1450 3780 2,9,
1469 3706 1515 3768 19.

275 3813 305 3886 2,
338 3814 388 3885 14,
420 3813 448 3874 9.
495 3812 525 3884 8,
558 3811 588 3884 2,
620 3811 668 3873 12.
719 3813 769 3884 14,
793 3809 823 3884 5,
853 3807 893 3884 1.,
928 3824 1006 3873 1111
1042 3802 1139 3888 apud
1175 3806 1366 3887 scriptores
1402 3812 1515 3872 aetate

275 3915 501 3998 posteriores,
525 3933 577 3980 ex.
602 3934 651 3996 gr.
680 3910 880 3979 Arnobium
907 3915 979 3987 194,
996 3913 1056 3976 24;
1093 3909 1220 3978 hocine
1244 3908 1360 3978 audiri
1382 3918 1418 3978 11
1440 3932 1517 3997 per-

274 4017 345 4102 legi
378 4018 445 4085 sub
475 4015 601 4084 mundi
629 4017 695 4083 hoc
727 4018 818 4082 axe?
854 4020 888 4081 11
911 4035 983 4087 eos,
1023 4015 1085 4100 qui
1108 4013 1195 4081 haec
1220 4021 1375 4083 tractant
1398 4019 1520 4083 existi-

275 4126 364 4190 mari
399 4142 436 4189 se
471 4120 563 4189 velle
597 4124 677 4206 pios
702 4128 777 4199 eto,
812 4119 1047 4187 Prudentium
1084 4117 1112 4186 P
1149 4124 1198 4198 10,
1232 4124 1311 4188 803:
1348 4141 1412 4187 vos
1448 4141 1518 4188 non

276 4233 418 4313 potesse
441 4227 611 4294 fabricam
635 4223 839 4310 corpusculi
863 4222 1105 4309 dissiparetlssl

381 4383 462 4450 Mea
485 4370 627 4468 quidem
653 4385 831 4449 sententia
862 4389 897 4449 et
921 4381 1215 4450 exclamationem
1239 4381 1311 4451 Aci
1341 4379 1519 4465 significat

279 4498 313 4556 et
337 4491 581 4574 quaestionem
615 4486 827 4554 admirantis
859 4486 917 4555 vel
940 4487 1174 4570 indignantis
1208 4490 1414 4573 praesertim
1440 4506 1518 4552 cum

277 4593 374 4661 haud
408 4595 461 4660 ita
495 4592 649 4660 multum
685 4594 825 4659 intersit
867 4596 959 4660 inter
995 4595 1181 4677 utriusque
1217 4590 1390 4677 loquendi
1424 4587 1518 4658 modi
