3210 5236
744 407 785 416 -
823 375 888 438 128
921 407 961 424 ⁹-

335 573 474 634 similiter
501 574 662 634 Traianus:
696 575 734 633 ed
766 576 1014 646 purgationes
1045 576 1265 646 cloacarum,
1292 577 1486 636 ad'muni·

229 661 354 720 tiones
372 661 514 720 viarum
533 667 564 721 et
581 661 749 749 picorum
765 661 802 730 X,
821 665 864 732 32,
882 667 907 720 2.
1053 739 1055 746 .

332 749 369 806 ad
387 749 694 810 exstructionem
713 749 860 810 balinei
877 749 914 812 X,
933 755 974 808 71.
1005 823 1007 826 .

229 940 276 980 ex.
294 940 336 992 gr.
356 923 521 982 exstructio
539 928 695 982 tectorum.

777 1081 926 1150 1110111101.

332 1184 370 1242 ad
389 1182 567 1254 capiendum
585 1182 684 1242 cibum
705 1185 965 1254 (convenisse)
984 1187 1020 1251 X,
1039 1191 1081 1256 96,
1101 1193 1125 1244 7.

238 1285 240 1290 ·
333 1271 371 1329 ad
389 1271 606 1329 consulendum
626 1276 657 1329 te
676 1271 875 1331 decucurri
894 1271 931 1343 X,
951 1279 992 1344 96,
1012 1279 1036 1332 8.

250 1421 251 1428 ,
333 1359 376 1416 ad
404 1357 631 1418 frumentum
659 1361 948 1430 comparandum
975 1361 1008 1419 in
1026 1363 1260 1434 Paphlagoniam
1287 1364 1416 1433 iretX,
1436 1371 1485 1424 27.

334 1443 453 1503 Traiani
480 1461 659 1515 responsum
682 1445 718 1515 X,
747 1451 793 1506 28:
823 1448 1061 1518 proficiscentem
1089 1450 1133 1508 ad
1159 1449 1487 1521 comparationem

229 1535 514 1592 frumentorum.

333 1620 437 1678 eunti
455 1621 493 1678 ad
511 1638 580 1678 eum
601 1652 631 1660 -
651 1620 843 1680 salutandum
862 1621 898 1691 X,
918 1628 960 1692 43,
979 1629 1004 1680 3.

335 1706 374 1764 ad
416 1724 492 1778 quae
534 1707 686 1766 noscenda
730 1709 808 1767 iter
851 1710 1014 1779 ingredi,
1059 1711 1320 1770 transmittere
1364 1713 1488 1772 maria

230 1793 360 1852 solemus
378 1799 402 1862 8,
422 1798 463 1864 20,
484 1799 507 1850 1.
838 1805 841 1811 ’

333 1898 410 1950 qrrae
440 1883 519 1950 (pars
550 1881 724 1952 sententiae)
754 1882 976 1952 pertinebat
1010 1883 1048 1942 ad
1077 1883 1211 1943 dandum
1240 1885 1268 1943 ei
1305 1885 1484 1945 sestertium

229 1967 343 2027 centies
361 1971 386 2034 8,
405 1972 429 2032 6,
450 1972 491 2026 10.
529 1967 612 2027 Caes.
631 1969 658 2026 b.
678 1987 703 2027 c.
724 1975 750 2036 l,
769 1975 794 2037 9,
815 1975 838 2028 1.

333 2053 483 2124 quendam
500 2054 539 2112 ad
557 2055 717 2114 visendum
735 2074 805 2115 eum
823 2057 975 2116 venisse
994 2062 1019 2126 2,
1039 2063 1063 2122 3,
1081 2062 1106 2116 8.

333 2159 402 2200 cum
428 2142 600 2202 venisset
628 2143 666 2202 ad
694 2145 875 2214 signandum
907 2145 1144 2214 (testamentum)
1170 2149 1319 2214 2,20,10.
1365 2148 1402 2206 ad
1433 2167 1488 2208 me

230 2229 422 2288 salutandum
440 2234 465 2294 4,
486 2234 526 2299 13,
545 2235 571 2286 8.
1050 2276 1053 2283 .

334 2315 372 2374 ad
390 2316 555 2375 audiendos
573 2348 606 2356 -
627 2316 854 2390 Quintilianum,
873 2317 1001 2378 Niceten
1019 2349 1052 2356 -
1071 2318 1290 2382 ventitabat
1308 2327 1332 2389 6,
1352 2327 1377 2390 6,
1397 2327 1422 2380 3.

663 2545 692 2614 e)
721 2543 809 2599 dandi
827 2545 858 2599 et
876 2545 1050 2613 accipiendi.

335 2646 415 2705 diem
433 2647 471 2705 ad
489 2647 697 2706 instruendam
714 2665 836 2707 oausam
854 2646 977 2706 darem
995 2647 1031 2716 X,
1051 2651 1095 2716 81,
1113 2654 1138 2708 3.
1326 2699 1328 2703 .

334 2733 405 2792 hnic
423 2764 456 2772 -
474 2734 513 2791 ad
529 2733 739 2793 instruendum
757 2751 789 2792 se
807 2734 1034 2804 ornandumque
1052 2735 1280 2794 donaveram
1300 2742 1325 2806 6,
1345 2742 1388 2808 25,
1409 2745 1434 2797 3.

334 2820 372 2879 ad
391 2820 445 2879 hos
463 2821 656 2891 proferendos
674 2827 705 2880 et
722 2827 841 2891 tempus
861 2851 893 2860 —
912 2821 1010 2890 elegi
1028 2827 1054 2890 8,
1073 2828 1115 2892 21,
1135 2827 1159 2881 2.

334 2907 373 2965 ad
391 2907 583 2966 salutandum
601 2926 648 2967 me
668 2939 700 2946 -
719 2908 1036 2978 impendebantur
1053 2909 1089 2979 X,
1107 2915 1142 2966 44
1161 2909 1310 2980 (Traiani.

334 2995 371 3052 ad
391 2993 493 3053 odium
511 2996 560 3054 sui
577 2995 752 3054 leniendum
770 3025 802 3034 —
822 2995 1065 3054 oblectabant
1089 2996 1114 3054 P
1133 3001 1176 3066 28,
1196 3002 1220 3054 1.

336 3083 459 3141 offero
477 3082 532 3141 tibi
552 3083 590 3141 ad
608 3082 776 3154 implendas
794 3088 949 3152 equestres
967 3083 1125 3142 facultates
1145 3088 1168 3148 1,
1189 3089 1230 3151 19,
1248 3090 1273 3140 2.

335 3169 492 3229 Praeterea
523 3171 577 3240 „ad
606 3169 713 3230 finale“
745 3169 855 3240 legitur
885 3170 935 3228 his
967 3170 1057 3230 locis:
1093 3171 1205 3230 fossam
1234 3186 1407 3240 percussam
1437 3166 1485 3225 ad
1603 3238 1604 3251 χ

228 3255 432 3402 ξὲΠίεθωέωη
456 3275 591 3316 umorem
611 3276 702 3315 -au
728 3257 772 3316 ad
796 3257 1042 3318 committendum
1069 3258 1188 3316 flumini
1214 3258 1313 3316 lacum
1338 3256 1375 3325 X,
1394 3261 1437 3323 41,
1456 3259 1485 3311 4.

261 3349 328 3414 ,93.
407 3350 433 3409 4,
453 3349 493 3403 18.
530 3345 598 3414 Ρ5,
619 3350 659 3402 10.

334 3448 479 3508 Addenda
496 3449 659 3518 Draegero:

335 3554 364 3604 p.
391 3540 440 3593 851
470 3551 529 3605 sq.:
552 3535 660 3595 inter.
706 3537 744 3595 ol.
766 3535 883 3594 Krause
911 3534 959 3604 (de
990 3535 1129 3604 gerundii
1159 3534 1319 3604 gerundivi
1345 3553 1392 3604 ap.
1420 3539 1483 3592 ant.

190 3655 193 3662 ⁴
231 3623 354 3681 Roman.
393 3622 506 3694 scriptt.
545 3641 612 3682 usu.
642 3623 729 3683 Halis
767 3624 844 3692 1876)
880 3641 908 3693 p.
940 3627 983 3682 39.
1029 3622 1112 3682 anc.
1150 3624 1204 3691 irg.
1242 3627 1292 3680 193
1321 3621 1367 3690 (R)
1402 3622 1486 3679 inter
1603 3670 1604 3673 ,

230 3709 416 3768 luctandum.
460 3712 562 3768 Afran.
590 3713 646 3781 frg.
674 3716 724 3769 422
752 3709 800 3780 (R)
832 3711 911 3771 inter
940 3710 1131 3780 loquendum.
1181 3708 1270 3779 Verg.
1301 3709 1367 3767 buc
1395 3715 1420 3778 9,
1447 3712 1487 3764 23

231 3798 310 3857 inter
334 3801 492 3867 agendum.
524 3798 576 3856 ubi
605 3798 727 3857 Servius
754 3799 841 3858 affert
869 3815 907 3856 ex
934 3797 1045 3856 Ennio:
1078 3797 1156 3856 inter
1192 3795 1365 3866 ponendum
1392 3795 1485 3862 (inter

232 3883 422 3954 cenandum).
469 3884 514 3943 Os.
543 3885 652 3956 Stacey
678 3885 697 3944 l.
724 3885 746 3942 1.
774 3885 885 3944 Archiv
914 3885 942 3944 X
969 3903 998 3955 p.
1027 3890 1072 3942 73:
1109 3884 1190 3954 apud
1217 3883 1338 3941 Livium
1364 3886 1485 3952 praeter
1602 3881 1603 3884 ’

232 3991 327 4031 unum
355 3972 455 4030 locum
484 3971 649 4040 gerundiva
675 3977 793 4030 tantum
820 3972 976 4041 leguntur:
1006 3977 1030 4042 2,
1049 3975 1092 4039 20,
1122 3978 1146 4028 9.
1184 3975 1208 4039 6,
1229 3975 1269 4040 11,
1289 3975 1313 4028 5.
1349 3976 1374 4038 7,
1393 3974 1436 4038 40,
1456 3975 1482 4026 5.

233 4065 257 4130 8,
275 4066 318 4128 38,
338 4066 378 4118 15.
424 4065 448 4128 9,
476 4065 517 4124 11,
544 4065 567 4116 6.
613 4064 655 4126 34,
682 4064 725 4128 25,
753 4065 777 4118 6.
813 4064 856 4126 40,
881 4063 923 4126 42,
949 4064 972 4116 1.
1009 4075 1110 4128 porro:
1136 4063 1160 4128 6,
1180 4061 1222 4126 39,
1243 4062 1284 4115 10.
1328 4062 1370 4125 21,
1388 4061 1432 4125 21,
1450 4061 1483 4115 8:

232 4149 311 4206 inter
328 4147 444 4206 labores
462 4152 514 4205 aut
531 4146 589 4203 ianr
610 4147 772 4204 exhaustos
790 4152 842 4205 aut
862 4164 931 4204 mox
959 4145 1187 4204 exhauriendos.
1223 4144 1303 4202 inter
1320 4143 1484 4202 bibendum

232 4234 339 4294 lustin.
361 4239 401 4301 11,
422 4239 446 4302 8,
468 4239 491 4290 8.

336 4340 364 4391 p.
383 4327 433 4378 851
454 4321 522 4379 int:
550 4325 669 4393 praeter
688 4319 748 4380 Cic.
775 4319 832 4388 leg.
860 4319 961 4378 manil.
985 4325 1034 4378 49:
1062 4319 1169 4378 lustin.
1192 4322 1327 4389 21,4,1;
1354 4334 1426 4388 opes
1444 4315 1484 4374 in
1602 4363 1603 4400 3

233 4409 438 4478 occupandam
456 4408 690 4467 dominationem
707 4406 845 4466 intendit.

336 4514 365 4566 p.
386 4500 452 4553 862:
481 4495 532 4553 ob.
556 4494 616 4552 iam
643 4497 713 4552 ante
739 4493 921 4558 Ciceronem,
950 4493 1002 4550 sed
1030 4497 1147 4550 tantum
1173 4492 1207 4550 in
1232 4490 1382 4550 locutione
1408 4489 1485 4550 artis

233 4582 376 4642 forensis:
398 4583 451 4652 „ob
470 4600 533 4639 rem
552 4580 760 4639 iudicandam“
781 4585 952 4650 usurpatio.
