3228 5232
640 403 856 467 ,35-

229 607 328 663 minus
347 606 467 662 mirum:
487 603 564 662 illud
580 593 681 662 nonne
698 608 729 662 et
747 602 842 674 magis
860 603 993 663 terribile
1010 609 1040 663 81
1058 622 1119 664 ιιοιι
1137 605 1239 665 minus
1256 625 1294 664 ιιι.
1313 613 1369 679 881,

51 681 57 691 ’
122 696 211 767 quod.
230 701 254 765 7,
274 699 318 764 27,
338 699 362 751 4.
398 691 480 760 Ρδό.
501 697 524 749 l·

226 783 381 838 miserias:
400 779 497 850 *quid
514 778 595 837 enim
614 796 651 836 m.
672 796 763 848 quam
781 784 921 837 exectum
940 809 973 818 -
990 779 1091 839 labore
1110 811 1143 820 -
1161 798 1222 841 non
1245 785 1368 844 carere?

121 870 195 941 quid
222 870 343 939 gravius
369 885 460 938 quam
477 864 694 936 —ignominia
719 865 860 924 affectum
888 881 949 924 ιιοιι
973 897 1006 904 -
1030 867 1132 936 latere,
1162 870 1215 928 sed
1239 901 1273 910 -
1297 888 1368 930 con·

122 958 311 1029 spiciendnm
331 973 364 1015 se
381 953 673 1025 monstrandumque
689 954 852 1023 praebere?
887 958 912 1021 2,
936 958 976 1023 12,
996 959 1021 1010 3.

226 1044 370 1114 optatius:
392 1061 421 1098 v.
441 1041 551 1100 laetius
570 1047 595 1110 7,
615 1047 656 1110 11,
674 1047 700 1100 3.

226 1133 298 1192 Ins:
318 1131 402 1190 (laes-
421 1130 448 1188 b.
468 1147 492 1188 c·
510 1133 536 1192 2.
555 1133 597 1194 32,
616 1134 641 1188 4.
678 1146 768 1198 quam
785 1133 833 1186 ut:
854 1127 914 1187 Cic.
933 1128 1002 1186 fem.
1023 1134 1047 1199 1,
1066 1136 1114 1199 5a,
1134 1135 1157 1188 1.

229 1219 430 1275 reverentius:
461 1234 537 1288 quae
564 1215 686 1287 quidem
712 1235 735 1273 r.
754 1215 846 1274 fuerit
872 1216 1018 1274 reservari
1045 1234 1136 1286 quam
1154 1219 1368 1291 -perstringi

120 1309 205 1374 1³25,
226 1312 266 1366 14.
302 1306 339 1364 of·
359 1310 384 1374 8,
403 1309 446 1371 21,
465 1311 490 1362 5.

226 1394 294 1452 Tac.
314 1393 412 1451 Germ.
432 1397 475 1457 114,
495 1397 535 1448 12.

225 1481 375 1548 terribile,
395 1481 506 1546 magis:
525 1496 552 1534 ιι.
572 1477 672 1534 minus
691 1475 801 1535 mirum
820 1482 845 1544 7,
865 1481 907 1545 27,
926 1482 951 1533 4.

228 1569 431 1624 tolerabilius:
459 1569 479 1624 t.
506 1565 565 1622 fuit
592 1562 831 1633 experimentum
858 1566 903 1621 tui
930 1563 1016 1622 nobis
1039 1583 1130 1635 quam
1157 1582 1246 1624 usum
1263 1570 1368 1637 negari

119 1655 205 1722 Ρ79,
225 1660 265 1713 18.
301 1673 328 1711 v.
346 1654 427 1713 lexx.

226 1743 337 1798 tutius:
355 1738 493 1800 Wentrel
505 1738 602 1807 (lnfin.
615 1737 697 1807 apud
711 1737 872 1796 Iustinum.
886 1737 1013 1799 Dissert.
1025 1739 1164 1800 Rostoch.
1180 1743 1257 1810 1893)
1274 1759 1303 1811 p.
1319 1746 1369 1802 14:

122 1837 145 1888 t.
162 1835 247 1888 ratus
265 1828 385 1887 enodem
402 1832 457 1886 etc.
478 1843 584 1896 „quam
612 1825 865 1884 constructionem
895 1825 928 1883 in
945 1825 1052 1885 lexicis
1070 1826 1131 1887 Cic.
1150 1838 1181 1886 et
1200 1827 1283 1887 Caes.
1306 1846 1367 1888 non

121 1916 251 1976 inveni‘·.
302 1915 361 1975 Sed
386 1915 470 1974 (laes.
493 1913 520 1972 b.
548 1930 576 1981 g.
603 1917 628 1981 3,
655 1912 899 1982 24‚21cg1mus:
927 1914 1023 1973 tutius
1054 1931 1120 1974 esse
1147 1914 1369 1975 arbitrabantur

120 2035 154 2044 -
174 2003 272 2074 potiri.

226 2092 345 2162 utilius:
365 2091 405 2150 sit
424 2108 452 2147 ιι.
470 2107 566 2148 unum
584 2106 652 2148 esse
670 2087 693 2140 P
711 2093 753 2157 32,
772 2095 796 2147 6.

503 2215 525 2266 γ.
553 2193 690 2263 gradus
714 2192 989 2262 superlativus.

229 2300 454 2368 aequissimum:
468 2299 539 2369 quia
548 2317 573 2356 a.
586 2302 650 2356 erat
658 2314 816 2357 commune
827 2296 939 2356 crimen
949 2297 986 2354 ab
995 2301 1123 2369 utroque
1132 2298 1252 2358 defendi
1262 2306 1287 2368 2,
1295 2304 1369 2367 11,9.

228 2388 553 2442 convenientissimum:
571 2385 624 2444 ini.
642 2386 752 2444 nudus.
787 2404 814 2442 v.
833 2403 861 2456 p.
880 2391 913 2442 21
933 2402 956 2443 8.
974 2403 1002 2442 ιι.
1020 2385 1058 2453 Χ,
1075 2391 1118 2453 41,
1138 2392 1162 2444 1.

226 2474 458 2541 iniquissimum:
476 2473 495 2531 i.
515 2491 581 2532 8888
599 2472 749 2544 querellas
768 2503 801 2514 -ν
820 2471 942 2531 excludi
961 2477 984 2542 9,
1006 2477 1046 2541 13,
1068 2479 1108 2531 15.

226 2562 435 2618 laetissimum:
453 2581 481 2618 v.
501 2580 531 2632 p.
549 2565 583 2618 22
603 2579 627 2619 8.
645 2579 673 2618 v.
692 2558 715 2612 P
732 2566 774 2622 26.
795 2565 835 2618 15.
854 2578 882 2616 v.
899 2558 1065 2618 iucundum
1084 2566 1108 2629 5,
1130 2566 1169 2629 11,
1188 2566 1212 2618 2.

227 2649 441 2716 longissimum,
460 2649 485 2708 si
504 2654 529 2718 5,
548 2653 573 2716 6,
591 2653 633 2707 42.
1080 2645 1082 2648 ’

226 2787 295 2857 Ριο
322 2788 498 2857 adiectivo
524 2796 737 2874 usurpatur:

426 2913 460 2993 1)
495 2909 699 2980 Pronomen
721 2909 780 2977 vel
803 2909 1073 2996 pronominale:

227 3013 357 3071 Nullum
375 3018 474 3072 exstat
491 3031 540 3082 ap.
558 3011 636 3070 Plin.
655 3012 838 3082 exemplum.

593 3123 629 3201 2)
665 3117 905 3187 Aduerbium:

225 3223 340 3276 abunde
368 3226 422 3290 est,
452 3220 478 3279 si
507 3220 580 3279 satis
608 3220 745 3292 expressi
773 3227 799 3289 4,
825 3226 866 3290 30,
894 3226 934 3278 11.
971 3226 996 3290 7,
1021 3223 1047 3289 2,
1072 3225 1097 3278 3.
1133 3236 1203 3278 οιιιιι
1225 3219 1266 3277 811
1292 3217 1369 3277 satis

120 3308 299 3379 abundeque
317 3309 343 3366 si
361 3325 422 3366 non
440 3314 528 3366 nocet
548 3309 571 3360 P
588 3314 631 3375 49,
651 3314 692 3366 13.

225 3411 346 3464 parum:
365 3413 394 3464 p.
413 3395 512 3452 visum
531 3425 563 3434 —
582 3413 650 3454 esse
667 3395 780 3454 curiam
799 3399 908 3454 testem
926 3399 951 3464 8,
971 3399 996 3463 6,
1016 3399 1057 3451 14.

225 3482 290 3540 Lir¹
311 3487 354 3544 38.
372 3489 397 3551 4,
417 3488 442 3540 9.
477 3482 555 3540 Plin.
575 3488 617 3552 34,
636 3487 678 3541 28.

225 3576 274 3629 ut:
295 3570 318 3628 P
338 3575 380 3634 60,
398 3574 433 3628 25
451 3570 525 3638 (ter).
562 3569 655 3639 quod:
675 3569 740 3629 Ter.
760 3569 880 3628 Phorm.
900 3573 959 3626 546,
997 3567 1056 3626 Cic.
1076 3567 1153 3626 Sest.
1174 3571 1215 3633 14,
1234 3572 1276 3625 32.

225 3673 332 3727 prope:
359 3662 408 3714 ut:
427 3656 452 3715 Ρ
471 3662 496 3722 6,
509 3661 558 3714 2οε
577 3674 605 3727 p.
624 3662 671 3716 est
688 3662 723 3714 ut
740 3657 914 3716 exclamem.
945 3654 995 3713 Dr.
1008 3654 1040 3712 H
1058 3671 1087 3724 p.
1100 3657 1150 3712 267
1169 3654 1252 3713 hune
1268 3654 1367 3713 locum

122 3746 249 3816 ignorat.
286 3761 314 3813 p.
333 3749 380 3802 est
398 3749 432 3801 ut
450 3743 566 3813 aliquid
583 3745 635 3802 fiat
652 3771 687 3796 =
706 3749 825 3811 „muss‘
843 3743 947 3812 Papin.
967 3742 1034 3810 Dig.
1053 3747 1096 3810 35,
1116 3747 1140 3810 1,
1159 3746 1201 3799 67.
1274 3757 1276 3760 ·

226 3832 313 3886 satis:
341 3829 452 3900 quibus
468 3829 557 3888 illum
574 3831 709 3901 intellegi
728 3831 802 3890 satis
820 3836 866 3889 881
884 3829 920 3899 X,
940 3833 982 3898 58,
1002 3834 1026 3887 7,
1060 3828 1212 3897 (Edictum
1229 3826 1367 3896 Nervae.)

230 3919 341 3972 satius:
370 3934 393 3974 s.
413 3921 459 3975 est
478 3922 508 3975 et
526 3916 598 3975 haee
616 3917 675 3976 dici
694 3935 784 3988 quam
803 3935 864 3976 ιιοιι
883 3916 942 3975 dici
960 3914 1137 3975 necessaria.
1156 3920 1182 3982 6,
1200 3919 1225 3984 2,
1244 3919 1269 3972 8.

227 4022 250 4063 s.
282 4009 329 4062 est
358 4003 459 4074 itaque
490 4005 654 4074 comparari
684 4022 720 4062 ea
746 4034 779 4043 -
806 4001 1020 4072 admonerique
1049 4002 1186 4061 dominos
1215 4000 1252 4072 X,
1279 4005 1321 4072 34,
1349 4005 1369 4058 2

120 4091 300 4159 1Traianus).
336 4110 364 4148 v.
383 4091 465 4150 lexx.

330 4215 363 4280 2.
397 4213 646 4283 Praedicatum
670 4223 726 4284 est
747 4216 897 4285 verbum
921 4212 1168 4300 impersonale.

225 4335 267 4404 V.
294 4335 427 4405 Schiitz
449 4358 483 4423 p.
510 4343 549 4403 14
574 4336 634 4406 inf.
659 4346 695 4406 et
716 4360 750 4424 p.
776 4341 817 4405 15
840 4359 920 4425 sup.

225 4439 371 4497 accidit
387 4456 436 4498 res
455 4456 540 4508 nova,
567 4444 602 4496 ut
619 4439 642 4492 Ρ
660 4444 702 4509 39,
722 4445 764 4497 34.

225 4528 367 4595 apparet:
387 4526 439 4584 Dr.
459 4525 490 4584 Π
508 4544 537 4596 p.
555 4532 615 4583 419.

225 4612 312 4672 Adde
329 4613 495 4682 Draegero:
516 4613 597 4684 apud
615 4612 789 4671 Vitruvium
808 4631 869 4671 non
888 4618 995 4673 exstat.
