3228 5232
610 348 826 410 ..59-

202 549 286 605 roto:
311 549 363 607 Dr.
381 547 413 606 H
430 567 459 619 p.
478 553 546 607 336:
564 565 641 606 omn.
660 548 854 618 temporibus,

205 635 351 695 hetaerias
377 652 445 695 esse
471 641 626 694 vetueram
652 635 689 704 Χ,
713 639 756 705 96,
780 640 806 694 7.
837 635 1018 695 verecundia
1042 639 1125 693 vetat
1152 637 1209 705 (me
1236 635 1343 704 dicere)

104 725 159 789 11
727 770 729 778 .

107 894 129 952 P
163 726 185 788 5,
198 727 346 868 gnuntiat.
375 810 473 869 neiat:
502 811 527 868 si
555 808 742 879 permitteret
771 808 828 868 sibi
854 814 955 870 vetare
982 809 1063 880 quod
1086 815 1209 868 senatus
1227 809 1344 874 iuberet

144 899 306 1040 4’23111111
324 982 439 1042 veritus
457 999 496 1042 ne
513 987 627 1042 vetaret
645 987 670 1050 9,
691 986 732 1052 13,
752 987 776 1038 6.

201 1297 239 1377 C.
282 1298 564 1377 Accusativus
593 1321 691 1376 oum
718 1298 932 1377 infinitivo
961 1279 1228 1388 coniunctus.

200 1471 240 1540 cf.
265 1471 399 1540 Schiitz
422 1494 455 1559 p.
482 1478 533 1552 11,
556 1477 585 1540 5.

203 1575 344 1657 Quibus
369 1577 696 1646 constructionibus
722 1576 798 1656 (ini.
823 1573 922 1654 nuri..
945 1585 995 1655 11,
1022 1573 1127 1662 quod,
1147 1579 1248 1662 quia)
1273 1597 1343 1646 ecc.

109 1700 133 1746 o.
156 1679 213 1749 ini.
239 1683 328 1748 coni.
354 1679 451 1767 apud
480 1683 692 1767 posteriores
711 1688 837 1758 ¹aetate
870 1683 1061 1767 scriptores
1094 1677 1207 1758 cedet,
1242 1680 1345 1750 docet

111 1780 213 1853 Wiih.
237 1783 376 1872 Meyer:
400 1784 490 1864 ..Die
513 1785 573 1853 iet.
598 1783 754 1871 Sprache
778 1787 815 1853 in
840 1783 907 1852 den
932 1806 1068 1854 roman.
1092 1783 1280 1853 Lindern“
1306 1789 1344 1855 in

114 1885 281 1958 Groebers
307 1887 503 1957 Grundriss
527 1886 587 1956 der
609 1909 743 1956 roman.
769 1887 973 1974 Philologie
995 1910 1028 1975 p.
1054 1888 1179 1970 37711).

200 2097 232 2162 l.
267 2098 377 2167 verbe
400 2095 588 2166 sentiendi.

164 2249 193 2288 a.
221 2227 312 2290 r'crbc
338 2233 485 2290 sentiendi
512 2236 637 2305 propria
664 2235 712 2290 rel
740 2234 945 2303 perceptionis
973 2233 1110 2290 sensibus
1136 2234 1273 2289 effectae.
1335 2245 1337 2252 ·

200 2339 257 2408 Ex
292 2340 350 2408 his
384 2341 503 2409 verbis
539 2343 576 2408 in
611 2353 735 2410 nostre
764 2339 890 2424 lingua
920 2360 1033 2408 accus.
1058 2347 1093 2408 et
1115 2339 1176 2408 ini.
1201 2336 1344 2425 pendet,

109 2464 224 2518 „werin
247 2465 329 2512 man
354 2443 466 2514 damit
490 2444 558 2513 den
575 2443 712 2528 Begriff
731 2442 792 2512 der
808 2443 1088 2513 unmittelbaren
1104 2442 1345 2527 Einwirkung

108 2547 306 2628 verbindet;
340 2547 423 2617 filit
457 2548 571 2617 dieser
604 2548 683 2628 fort,
718 2552 797 2617 tritt
828 2551 885 2616 ein
910 2543 994 2616 Sata
1026 2551 1092 2617 mit
1115 2547 1240 2626 ,(1111ι
1268 2551 1344 2627 ein·;

105 2670 205 2719 unser
220 2650 335 2721 Urteil
358 2652 489 2722 beruht
512 2653 608 2721 dann
633 2652 697 2722 suf
717 2656 812 2722 einer
829 2650 1103 2722 vermittelnden
1123 2651 1340 2720 Gedanken-

104 2754 319 2840 thetigkew
368 2757 756 2844 (811111111129).
798 2780 850 2827 ex.
874 2779 925 2843 gr.
957 2756 1033 2826 vidi
1065 2757 1188 2825 hostes
1223 2755 1345 2840 fugere

107 2859 309 2945 (fugientes)
334 2870 369 2931 et
392 2862 466 2932 vidi
489 2863 613 2931 hostes
636 2862 781 2947 fugisse.
829 2857 869 2930 cf.
893 2883 927 2948 p.
954 2867 1004 2941 13,
1028 2867 1079 2930 30.
1335 2851 1337 2856 ’

201 2982 252 3050 De
287 2984 359 3052 Acl
393 2993 427 3052 et
460 2986 503 3053 A.
539 3006 620 3053 cum
655 2986 843 3070 participio
879 2986 1068 3052 coniuncto
1104 3005 1135 3051 v.
1168 2981 1344 3052 Wochen-

109 3084 226 3154 schrift
247 3087 303 3156 firr
325 3086 428 3157 cluss.
453 3088 584 3158 Phiioi.
613 3094 694 3158 1891
719 3111 752 3176 p.
780 3093 872 3157 1318.

102 3294 104 3299 .
169 3259 171 3266 r
206 3213 315 3313 Apud
338 3226 499 3297 Plinium
522 3215 610 3299 haec
633 3231 742 3299 verbe
765 3227 949 3312 leguntur:

202 3348 304 3403 undio:
324 3347 375 3406 Dr.
393 3349 425 3407 II
443 3368 472 3419 p.
491 3355 556 3408 381:
575 3367 653 3408 omn.
673 3354 763 3418 temp.
832 3399 834 3406 ,

200 3432 253 3491 ini.
271 3453 367 3504 praes.
386 3441 458 3494 act:
475 3437 565 3496 audio
583 3455 631 3496 me
649 3435 727 3494 male
744 3435 844 3504 legere
863 3441 887 3502 9,
900 3438 943 3502 34,
958 3439 981 3490 1.
1010 3433 1063 3490 ini.
1083 3449 1177 3501 praes.
1196 3429 1247 3488 vbi
1261 3431 1346 3500 dep:

105 3515 252 3578 audistine
270 3521 424 3581 Valerium
442 3524 475 3581 in
494 3523 598 3583 Sicilia
615 3522 768 3593 profiteri?
788 3529 811 3590 1,
832 3526 873 3590 16,
893 3527 934 3578 11.

199 3609 330 3666 notanda
347 3608 501 3667 videntur:
528 3610 665 3668 auditum
683 3626 721 3668 ex
739 3609 805 3678 ipso
828 3653 834 3665 .
857 3653 863 3665 .
888 3625 920 3666 se
942 3606 1057 3676 lingere
1076 3611 1100 3676 8,
1115 3610 1162 3672 18,
1181 3611 1205 3662 9.
1243 3602 1345 3661 audiri

107 3685 197 3757 iiisum
218 3738 225 3750 .
248 3739 253 3751 .
278 3695 373 3754 solere
391 3714 423 3756 se
441 3702 466 3766 7,
484 3702 527 3762 24,
547 3703 571 3754 5.

200 3779 251 3839 inf.
271 3783 346 3852 perf.
366 3789 436 3842 act:
464 3802 534 3843 cum
561 3783 698 3842 audisses
723 3783 865 3841 recitasse
889 3799 937 3840 me
965 3786 989 3848 3,
1011 3786 1055 3850 16,
1074 3786 1096 3838 1.
1134 3785 1157 3845 3,
1177 3784 1255 3848 20,5
1282 3777 1345 3847 (inf.

107 3864 379 3939 81191·1.3,21,1.
415 3876 440 3940 7,
459 3875 502 3940 27,
520 3876 545 3930 2.
581 3875 607 3937 8,
627 3875 711 3937 10,1.
747 3868 937 3927 audimus-
956 3873 986 3926 te
1005 3897 1037 3908 —
1056 3884 1217 3925 munus-
1237 3864 1344 3933 obisse,

108 3949 153 4008 sed
170 3955 309 4016 audimus
327 3957 350 4010 P
368 3963 410 4027 59,
424 3965 453 4015 o.
491 3963 533 4026 86,
552 3963 594 4016 27.
891 3957 894 3964 “

200 4042 252 4101 inf.
271 4044 327 4102 fut.
346 4049 417 4103 act:
439 4043 532 4104 *cum
550 4043 687 4102 audisses
705 4059 753 4099 me
772 4041 990 4117 -petiturum
1009 4047 1033 4108 5,
1053 4047 1077 4109 6,
1098 4047 1120 4097 1.

201 4136 274 4201 part.
293 4149 406 4202 praes:
425 4132 528 4190 audivi
545 4131 724 4190 Fundanum
743 4158 776 4166 -
795 4125 1028 4197 praecipientem
1048 4133 1072 4194 5,
1093 4131 1133 4195 16,
1153 4131 1177 4184 7.
1215 4132 1239 4194 1,
1261 4131 1302 4194 16,
1320 4132 1347 4185 2.

107 4217 1230 4289 SQRAEQmeimeQQZQffiffibfflss

202 4305 256 4364 ini.
274 4323 370 4377 praes.
388 4323 481 4376 pass:
500 4310 601 4376 patere
620 4303 724 4362 aridire
743 4303 812 4371 (me)
832 4300 969 4370 describi,
987 4299 1057 4369 legi,
1074 4299 1177 4358 venire
1193 4299 1346 4358 volumina

107 4393 297 4462 memb
1156 4405 1160 4416 ·

201 4477 253 4537 inf.
271 4480 346 4551 perf.
364 4497 458 4550 pass:
490 4479 656 4551 *putabam
684 4484 715 4536 te
733 4509 766 4516 —
784 4475 862 4534 nihil
880 4475 963 4533 aliud
990 4475 1027 4533 de
1045 4474 1200 4533 Liciniano
1225 4472 1347 4531 audisse

107 4568 476 4638 1111111111111114,11,
497 4573 537 4626 15.
575 4569 623 4634 .*5‚
644 4573 685 4634 14,
705 4573 730 4625 9.
766 4564 806 4622 cf.
825 4561 931 4624 auditu
949 4563 1067 4632 gravior
1083 4569 1109 4630 4,
1128 4568 1154 4629 9,
1173 4569 1197 4619 5.
1314 4555 1318 4562 ’
