3210 5236
605 394 822 460 ..99-

99 600 218 676 utitur,
248 604 289 666 ut
311 619 393 666 cum
415 596 711 668 antecedentibus
736 599 943 668 coniunctio
966 596 1032 666 fiet
1062 599 1181 677 111111,
1211 617 1263 666 ex.
1287 619 1337 681 gr,

98 702 129 770 b.
154 720 185 786 g.
210 707 239 779 1,
262 705 316 780 20,
339 708 368 771 3.
415 707 448 783 2,
470 707 523 783 31,
546 707 576 772 5.
623 707 805 783 7,14,10.
852 705 883 780 7,
906 705 959 782 20,
982 703 1012 769 5.

198 803 310 876 Plinii
342 807 382 876 hi
416 813 504 876 sunt
536 805 707 876 efferendi
741 805 828 876 loci:
871 811 954 874 exte
995 803 1169 893 duplicis,
1207 803 1339 893 quibus

98 907 257 996 portendi
280 918 343 980 etc.
379 916 411 991 2,
433 916 487 992 20,
512 917 562 983 13.
618 931 692 981 non
727 912 906 979 sustinere
929 909 1001 990 (se)
1036 908 1196 978 deserere
1231 907 1356 980 officii-

98 1017 153 1086 sni
177 1022 308 1103 partes,
338 1019 376 1085 in
400 1035 471 1104 quo
494 1024 614 1086 temen
639 1025 674 1085 et
699 1035 766 1084 suo
790 1013 908 1085 dolori
929 1012 1077 1084 modum
1100 1017 1283 1102 imponere
1306 1019 1355 1082 et·
1475 1037 1478 1042 ¹

98 1122 307 1206 optimorum
348 1121 561 1192 feminarum
599 1119 751 1208 perferre
801 1116 1108 1188 modestissimum
1155 1113 1341 1199 effectum:

99 1245 184 1310 ques
207 1231 395 1296 contentos
418 1245 496 1294 esse
520 1225 713 1295 admonere
735 1231 902 1293 senatum
926 1227 958 1303 9,
982 1229 1034 1303 13,
1060 1225 1109 1292 16.

131 1337 132 1340 ’
198 1329 351 1399 Constet
385 1329 575 1400 Octavium
611 1365 652 1378 -
685 1327 933 1415 superfudisse
965 1334 1204 1413 unguentum,
1237 1331 1349 1396 ouius·

99 1431 198 1502 illum
220 1437 418 1503 novitatem
442 1469 483 1480 -
507 1437 546 1502 in
579 1431 694 1503 cltum
721 1433 897 1517 refugisse
919 1433 1155 1519 -repetisse
1178 1438 1210 1508 9,
1234 1435 1286 1512 33,
1309 1439 1339 1501 9.

107 1538 197 1623 quod
220 1541 340 1625 ipsum
363 1538 476 1606 fucere
500 1541 570 1622 (se)
596 1538 731 1607 desisse
754 1537 801 1618 Χ,
825 1543 878 1618 96,
895 1542 923 1605 7.
963 1535 1096 1606 Ullene
1119 1539 1208 1605 setis
1233 1535 1343 1622 digne

100 1642 311 1727 praedicatio
344 1649 410 1720 est,
444 1641 537 1712 idem
573 1647 678 1714 tertio
713 1641 898 1712 consulem
934 1641 1061 1711 iecisse
1094 1641 1190 1728 quod
1224 1645 1340 1728 primo

99 1746 280 1829 (iecisset),
303 1745 399 1814 idem
415 1749 612 1835 principem
630 1747 727 1834 quod
743 1751 925 1835 privatum
943 1749 1039 1834 (pro:
1065 1747 1163 1834 quod
1178 1751 1341 1834 privatus

100 1850 252 1934 iecisset)
278 1904 284 1919 .
311 1901 318 1918 .
343 1851 372 1918 P
397 1857 451 1931 64,
472 1856 525 1920 26.

108 2045 110 2052 ,
196 1975 233 2057 2)
257 1972 347 2043 Tum
371 1973 654 2061 contemplemur
678 1995 739 2042 ees
763 1978 961 2043 sententies
984 1973 1227 2054 secundarios,
1251 1995 1343 2061 quse

99 2077 239 2147 modum
285 2076 520 2146 indicativum
564 2079 779 2164 praebent.
815 2077 895 2158 Quo
940 2082 979 2147 in
1023 2097 1163 2162 genere·
1198 2078 1340 2148 dicendi

101 2181 207 2251 Plinii
231 2204 346 2252 sermo
370 2203 632 2269 nonnunquam
656 2184 700 2253 cb
727 2203 854 2252 aureae
879 2205 910 2268 q.
936 2181 968 2251 d.
1000 2186 1129 2252 aetatis
1153 2183 1342 2254 abhorrere

104 2287 255 2366 videtum
290 2308 458 2373 quaeres
483 2296 603 2356 utrum
627 2286 673 2355 ed
695 2291 846 2357 nimiam
871 2287 1057 2373 quendem
1081 2287 1342 2358 affectationem

104 2395 255 2463 auctoris
300 2412 346 2459 cu
392 2394 631 2460 imitationem
677 2391 822 2476 linguae
868 2391 1023 2482 Graecae
1067 2392 1251 2462 referendo
1295 2396 1344 2462 sit

101 2495 248 2566 dubium
272 2502 334 2564 est.
371 2496 559 2564 Invenitur
575 2495 705 2565 modus
728 2496 945 2566 indicativus
962 2496 1052 2566 locis
1069 2497 1140 2566 fere
1164 2498 1344 2576 omnibus,

102 2601 161 2668 ubi
184 2603 362 2670 sententia
385 2600 596 2670 secundaria
632 2600 768 2669 adiecta
805 2610 859 2669 est
894 2605 1089 2672 accusativi
1113 2624 1140 2671 c.
1165 2602 1227 2670 inf.
1252 2606 1342 2674 coni.

99 2712 305 2773 structurae:
333 2710 361 2783 1,
388 2709 439 2783 16,
461 2710 491 2772 9.
547 2711 575 2783 1,
602 2709 654 2784 17,
677 2711 706 2772 4.
757 2709 789 2781 2,
813 2711 844 2784 3,
867 2711 898 2774 8.
952 2711 983 2786 2,
1010 2712 1060 2787 11,
1086 2713 1135 2776 19.
1170 2699 1268 2788 ’2,3,
1293 2713 1344 2776 10.

100 2814 127 2887 3,
161 2815 191 2888 9,
226 2814 275 2878 16.
323 2816 354 2888 3,
388 2814 418 2888 9,
455 2814 503 2875 17.
553 2815 584 2889 9,
621 2817 650 2889 l,
684 2814 713 2877 2.
761 2815 792 2889 9,
826 2817 855 2878 3.
902 2817 933 2891 9,
972 2817 1023 2891 19,
1058 2815 1086 2878 2.
1138 2819 1169 2892 9,
1203 2816 1256 2891 26,
1293 2819 1342 2880 13.

99 2912 143 2994 Χ,
179 2920 230 2992 47,
265 2918 294 2980 2.
340 2913 387 2991 Χ,
422 2918 476 2990 48,
512 2920 540 2980 1.
578 2918 608 2980 2.
653 2913 702 2992 Χ,
736 2919 789 2993 49,
823 2918 852 2982 2.
898 2913 947 2994 X,
981 2920 1034 2995 57,
1068 2919 1098 2982 2.
1144 2915 1191 2996 Χ,
1226 2920 1279 2998 58,
1312 2922 1342 2984 9.

100 3017 201 3095 Pes,
223 3023 252 3086 6.
310 3022 362 3095 66,
386 3023 437 3086 30.
495 3023 622 3096 (17.16.
682 3024 733 3097 71,
758 3025 786 3086 7.
846 3024 898 3099 77,
921 3024 973 3088 22.
1032 3025 1084 3099 77,
1108 3025 1159 3088 25.
1215 3027 1269 3100 80,
1290 3025 1345 3090 21.

99 3127 154 3203 93,
188 3129 236 3191 18.

198 3225 331 3300 Modus
370 3229 637 3295 coniunctivus:
680 3248 732 3294 ex.
772 3250 822 3313 gr.
865 3233 895 3307 3,
937 3233 967 3308 5,
1012 3234 1060 3298 16.
1130 3234 1159 3310 9,
1201 3234 1253 3307 13,
1292 3235 1341 3298 16.

101 3337 128 3413 3,
151 3338 179 3400 9.
202 3337 254 3400 27.
300 3335 331 3410 2,
355 3337 386 3410 5,
410 3335 440 3400 6.

198 3433 308 3504 Indic.
334 3445 369 3504 et
392 3439 499 3505 coni:
525 3440 556 3511 2,
582 3441 633 3515 12,
655 3443 686 3504 4.
732 3443 763 3514 3,
787 3443 818 3518 9,
843 3443 893 3506 17.

201 3539 428 3627 Quemquam
488 3539 623 3610 multos
683 3540 848 3610 videmus
910 3540 1087 3613 eiusmodi
1151 3545 1345 3612 certamine

100 3649 307 3733 sumpsisse,
352 3667 513 3731 quosque
552 3646 724 3732 subsequi
770 3650 860 3716 satis
905 3648 1100 3729 habebunt,
1146 3646 1232 3716 dum
1269 3668 1343 3717 uon

105 3747 291 3836 desperent
314 3751 548 3817 antecessisse
572 3755 603 3828 7,
625 3755 656 3829 9,
679 3755 709 3818 4.

197 3851 401 3922 Particulue
433 3852 650 3939 temporales
686 3853 790 3922 velut
812 3878 905 3936 cum,
934 3854 1030 3936 dum,
1061 3864 1254 3943 postquem
1279 3865 1341 3926 etc.

104 3961 216 4028 etism
230 3958 327 4045 opud
351 3961 480 4043 optimi
503 3961 581 4027 sevi
606 3961 809 4044 scriptores,
833 3963 1024 4048 praecipue
1047 3959 1238 4029 historicos
1262 3982 1342 4031 cum

100 4063 288 4133 indicativo
314 4072 579 4132 construnutur.
638 4063 697 4132 Dr.
722 4061 758 4132 Il
787 4085 821 4149 p.
848 4069 923 4142 446,
946 4071 976 4132 4.
1033 4064 1163 4150 Menge
1187 4087 1243 4137 no.
1268 4071 1341 4146 468,

101 4171 311 4246 3621111111.
336 4173 366 4235 9.
413 4166 453 4234 cf.
480 4173 511 4248 9,
535 4171 587 4255 26,
614 4175 662 4236 13.

196 4272 420 4341 Iudioetivus
444 4279 536 4341 recte
559 4271 705 4358 legitur:
732 4295 785 4341 ex.
809 4295 859 4358 gr.
886 4271 983 4359 quod
1006 4275 1127 4359 ipsum
1143 4273 1255 4342 fecere
1272 4273 1341 4352 (se)

99 4376 229 4448 desisse
259 4386 343 4463 post
378 4377 533 4447 edictum
562 4401 692 4458 meum,
727 4400 796 4463 quo
833 4378 1012 4445 hetaerias
1048 4399 1126 4446 esse
1161 4387 1341 4447 vetuersm

98 4481 144 4563 Χ,
166 4487 219 4562 96,
243 4487 271 4551 7.
330 4481 387 4550 illi
415 4483 525 4564 (Iovi)
561 4483 688 4552 debere
722 4503 790 4551 nos
825 4481 1001 4568 quidquid
1036 4482 1103 4550 tibi
1138 4482 1343 4563 debeamus,

98 4586 193 4658 illius
217 4584 314 4676 quod
337 4588 427 4656 bene
450 4588 560 4656 facies
584 4591 743 4656 muneris
780 4608 861 4654 esse
891 4589 953 4673 qui
984 4593 1018 4654 te
1044 4585 1142 4656 dedit
1164 4585 1194 4654 P
1217 4591 1269 4661 62,
1295 4591 1347 4655 12.

1153 4721 1186 4780 7*
