3210 5236
747 371 965 435 -140-

235 570 328 641 illud
364 572 484 642 ardere
519 573 612 642 falso
654 573 717 641 sed
752 571 977 643 credentibus
1012 575 1270 644 nuntiabant.
1328 574 1489 644 Paulum

236 677 416 756 reluxit,
440 676 600 748 sednon
625 677 700 746 dies
725 680 830 748 nobis
855 715 895 724 —-
921 678 1155 747 videbatur.

339 808 387 875 Et
410 807 478 876 hoc
502 808 706 895 exemplum
731 812 856 878 miram
888 810 1034 896 praebet
1066 818 1187 890 artem,
1221 832 1310 897 quae
1335 818 1488 897 apparet

236 916 392 982 maxime
426 912 682 982 allitteratione
716 935 747 999 q.
781 913 812 982 d.
849 917 956 982 trium
992 914 1182 982 verborum
1217 918 1324 990 (metu
1359 921 1488 985 mortis

237 1021 403 1099 mortem)
430 1027 463 1086 et
486 1021 622 1086 minore
647 1025 753 1104 atque
777 1019 939 1087 tenuiore
961 1017 1112 1086 duorum
1130 1017 1254 1099 (multi
1269 1057 1305 1065 —
1326 1022 1488 1103 manus).

238 1120 333 1202 Quid
384 1120 511 1191 deinde
566 1125 708 1191 intersit
752 1126 860 1190 inter:
918 1144 1000 1202 „nee
1046 1122 1290 1203 defuerunt,
1337 1129 1398 1212 qui
1442 1161 1490 1174 -

239 1232 484 1311 augerent“‚
518 1235 565 1295 et:
594 1226 794 1307 „aderant
828 1230 889 1314 qui
919 1265 945 1273 -—
977 1229 1254 1297 nuntiabant“
1280 1250 1384 1297 nemo
1410 1252 1487 1299 non

240 1329 345 1400 videt.
415 1331 570 1401 Multum
619 1330 771 1418 denique
817 1335 903 1401 artis
945 1333 1030 1401 huie
1067 1331 1147 1402 loco
1186 1355 1222 1400 se
1267 1333 1491 1419 impendisse

239 1435 381 1505 Plinius
406 1439 482 1524 ipse
509 1437 579 1505 sibi
615 1439 778 1504 conscius
815 1445 878 1516 est,
913 1437 950 1505 id
986 1436 1081 1523 quod
1112 1458 1155 1505 ex
1178 1437 1288 1506 huius
1313 1438 1493 1524 epistolae

238 1540 283 1608 ad
308 1538 469 1609 Tacitum
506 1540 609 1609 datae
645 1540 716 1609 fine
752 1544 981 1629 perspicuum
1005 1551 1072 1611 est:
1112 1541 1227 1622 „Haec
1258 1564 1491 1629 nequaquam

237 1645 391 1713 historia
429 1644 538 1730 digna
575 1667 648 1714 non
687 1649 884 1732 scripturus
924 1646 1020 1732 leges
1061 1653 1095 1714 et
1133 1649 1210 1726 tibi,
1250 1647 1387 1716 seilicet
1426 1651 1491 1734 qui

237 1753 436 1836 requisisti,
471 1752 688 1837 imputabis,
724 1755 755 1820 si
791 1749 900 1836 digna
934 1773 978 1818 ne
1015 1751 1171 1838 epistula
1206 1751 1351 1838 quidem
1386 1752 1490 1821 vide-

236 1854 402 1922 buntur‘.

250 2052 252 2058 .
345 1984 446 2066 Libri
482 1988 626 2072 septimi
660 1957 767 2072 caput
810 1991 850 2054 27
886 1984 977 2053 duos
1011 1987 1158 2072 praebet
1190 1985 1300 2067 locos,
1336 2008 1492 2073 quorum

238 2088 326 2156 alter
351 2110 463 2157 unum
488 2089 598 2158 habet
620 2088 721 2157 infin.
749 2089 1004 2176 descriptivum
1030 2110 1180 2176 eumque
1205 2089 1318 2159 forma
1342 2088 1492 2177 quidem

237 2195 434 2280 passivum,
458 2215 494 2261 re
518 2193 691 2264 medium:
730 2200 759 2274 7,
784 2199 836 2272 27,
860 2198 899 2262 5:
939 2195 1047 2262 Erat
1071 2194 1226 2264 Athenis
1262 2199 1423 2281 spatiosa
1457 2203 1495 2264 et

238 2317 351 2382 capax
386 2297 513 2367 domus
545 2335 587 2343 -
616 2298 683 2366 Per
718 2298 902 2368 silentium
939 2302 1055 2368 noetis
1090 2321 1202 2368 sonus
1235 2299 1357 2379 ferri,
1392 2306 1427 2368 et
1460 2304 1494 2368 si

240 2401 440 2472 attenderes
465 2406 592 2482 acrius
617 2406 786 2490 strepitus
812 2403 1038 2473 vinculorum
1057 2442 1095 2450 -
1116 2403 1380 2473 reddebatur:
1405 2425 1494 2473 mox

239 2509 469 2594 apparebat
506 2506 628 2576 idolon
675 2543 704 2552 -
738 2511 906 2579 manibus
945 2517 1090 2578 catenas
1130 2510 1312 2593 gerebat
1350 2513 1493 2594 quatie-

238 2613 395 2699 batque.

343 2741 446 2811 Alter
469 2743 570 2811 loeus
596 2750 649 2810 est
665 2744 737 2812 hio:
764 2749 792 2820 i,
818 2749 869 2820 27,
896 2750 929 2811 i:
954 2742 1028 2813 Ubi
1052 2747 1170 2830 coepit
1186 2742 1496 2830 advesperascere,

240 2849 340 2917 iubet
363 2852 475 2915 sterni
498 2849 568 2917 sibi
591 2852 628 2916 in
659 2851 774 2934 prima
808 2847 935 2917 domus
969 2857 1067 2934 parte
1099 2854 1309 2935 (sequuntur
1333 2854 1352 2916 3
1375 2869 1493 2934 praes.

239 2953 336 3032 hist,
372 2954 502 3039 quibus
539 2974 649 3039 aeque
681 2974 721 3020 ac
752 2954 860 3022 verbo
895 2953 1032 3032 ‚nuber
1067 2957 1224 3022 actiones
1257 2953 1497 3022 secundariae

241 3056 457 3134 redduntur).
520 3058 640 3136 Initio,
681 3057 785 3144 quale
824 3060 968 3145 ubique,
1007 3058 1192 3127 silentium
1231 3061 1359 3137 noetis,
1405 3057 1489 3126 dein

240 3166 418 3230 concuti
463 3162 604 3258 ferrum,
650 3163 797 3231 vincula
841 3166 1032 3242 moveri;
1084 3161 1146 3232 ille
1204 3184 1277 3231 non
1323 3161 1496 3232 tollere

241 3266 375 3345 oculos.
410 3289 483 3337 non
518 3270 748 3336 remittere
787 3267 924 3346 stilum,
962 3267 1024 3336 sed
1059 3268 1291 3338 affirmare
1328 3270 1493 3336 animum

240 3372 458 3457 auribusque
507 3372 821 3458 praetendere;
878 3382 953 3442 tum
1011 3374 1301 3441 crebrescere
1362 3372 1495 3455 fragor,

240 3476 485 3546 adventare
532 3483 566 3544 et
603 3480 674 3545 iam
714 3487 754 3544 ut
792 3480 828 3544 in
866 3476 1000 3558 limine,
1046 3481 1117 3546 iam
1156 3484 1198 3545 ut
1235 3481 1330 3546 intra
1374 3475 1488 3544 limen

243 3579 410 3650 audiri:
468 3584 649 3667 respicit,
704 3580 817 3649 videt
863 3585 1125 3668 agnoscitque
1182 3590 1360 3650 narratam
1418 3582 1491 3650 sibi

242 3685 404 3771 effigiem.
467 3683 621 3755 Stabat
658 3687 901 3774 innuebatque
941 3686 1068 3770 digito;
1114 3687 1172 3755 hic
1218 3693 1341 3754 contra
1379 3705 1492 3753 manu

241 3789 443 3875 significat
483 3827 522 3836 -
567 3788 651 3857 stilo
698 3791 907 3859 incumbit:
955 3791 1019 3860 illa
1064 3795 1200 3860 eatenis
1247 3792 1494 3868 insonabat;

240 3898 406 3982 respicit
439 3899 648 3962 innuentem
672 3915 737 3961 nec
760 3903 920 3963 moratus
953 3895 1062 3964 tollit
1083 3896 1207 3964 lumen
1232 3905 1266 3963 et
1288 3898 1490 3982 sequitur.

242 4037 279 4046 -—
307 3999 413 4068 Ibat
448 3998 513 4068 illa
547 3997 645 4068 lento
679 3999 793 4085 gradu
820 4025 873 4078 -;
910 4008 1102 4086 postquam
1131 4000 1276 4068 deflexit
1298 4002 1336 4068 in
1360 4020 1495 4078 aream,

243 4112 387 4190 repente
412 4102 555 4189 dilapsa
579 4102 729 4173 deserit
752 4108 915 4174 comitem
942 4142 981 4150 —
1007 4112 1218 4191 (sequuntur
1245 4110 1265 4172 5
1289 4107 1494 4190 praesentia

241 4210 380 4288 histor.)
429 4207 566 4276 Domus
591 4214 717 4294 postea
740 4211 805 4277 rite
830 4208 984 4277 conditis
1010 4211 1177 4279 manibus
1202 4212 1345 4277 caruit.

350 4313 506 4407 llxstant
529 4342 637 4423 igitur
653 4341 722 4408 hoe
738 4337 815 4406 loeo
836 4345 856 4408 9
873 4338 1044 4408 infinitivi
1062 4338 1279 4426 descripturi,
1303 4343 1341 4408 in
1359 4340 1493 4425 quibus

243 4449 262 4512 3
285 4445 425 4528 generis
449 4447 597 4529 passivi,
622 4446 780 4513 notionis
799 4465 829 4528 q.
849 4444 879 4516 d.
907 4443 1054 4523 mediae,
1079 4467 1173 4513 unus
1198 4446 1269 4514 vbi.
1292 4444 1492 4513 inchoativi

242 4548 293 4626 (cf.
319 4545 505 4617 Woelfflin
531 4548 666 4618 Archiv
689 4546 726 4615 X
748 4570 781 4634 p.
809 4553 897 4630 181).
