3228 5232
725 336 942 400 ..66-

315 539 369 597 inf.
391 557 485 610 praes.
505 531 584 610 pass.
602 543 633 598 et
651 539 703 597 inf.
723 539 797 609 pert.
816 557 894 610 pass.
914 556 982 616 cum
1002 539 1117 609 „esse“:
1146 538 1245 598 sciunt
1263 539 1327 597 dari
1346 538 1403 598 sibi
1423 569 1458 578 -

213 626 421 697 pauperiorem
439 643 506 686 esse
523 625 689 695 principem
708 627 823 685 iactum
840 630 965 693 tautum,
984 641 1162 696 quamquam
1179 644 1217 684 ne
1235 627 1317 685 huuc
1334 626 1457 696 quidem

210 715 355 783 88811.
1009 718 1011 722 '

317 800 419 873 „esse“
445 803 559 858 exstat:
587 816 655 857 cum
678 798 731 857 inf.
758 800 813 858 tut.
835 805 907 858 act:
935 799 1027 858 semel
1044 798 1081 869 X,
1100 803 1142 866 48,
1161 804 1185 858 2.
1222 817 1292 858 oum
1309 799 1361 857 inf.
1380 800 1456 870 pert.

209 906 306 960 pass:
335 886 527 952 881181Ρ27,
548 889 589 946 17.
625 885 922 956 81111111.88181(1.;
951 885 1044 946 semel
1062 885 1101 956 X,
1121 891 1164 956 58,
1183 893 1209 956 9,
1238 905 1298 945 non
1322 887 1355 944 in
1372 887 1460 946 libris

210 976 334 1045 I.-IX.,
353 982 438 1045 quos'
449 974 614 1033 identidem
631 978 806 1032 retractatos
829 979 932 1037 auctor
948 978 1050 1032 noster
1072 973 1174 1032 edidit.

316 1062 464 1121 absolute:
495 1066 517 1128 1,
538 1065 579 1130 18,
600 1065 630 1118 11
651 1060 727 1130 (ter).
769 1065 794 1129 8,
813 1067 838 1129 4,
857 1066 882 1118 7.
918 1066 943 1129 9,
963 1066 987 1128 5,
1005 1065 1029 1118 3.
1067 1067 1091 1129 9,
1110 1066 1152 1131 21,
1173 1058 1197 1118 2.
1234 1061 1381 1128 Ρ50,13.
1418 1062 1476 1119 ita·

210 1156 253 1217 77,
274 1155 314 1208 16.
351 1148 458 1219 quidni
477 1147 590 1206 seiam?
609 1153 634 1216 7,
652 1152 695 1216 39,
717 1154 728 1205 1
749 1147 982 1217 (postpositum).

315 1235 451 1307 quaestio
469 1235 626 1293 disiunct:
647 1240 671 1303 7,
691 1225 736 1304 27,
755 1240 778 1292 1.
808 1235 945 1292 transit:
964 1240 988 1302 9,
1007 1233 1049 1304 21,
1068 1238 1092 1293 2.

315 1342 426 1398 sentio:
453 1339 504 1397 Dr.
523 1339 554 1396 Π
581 1357 609 1408 p.
628 1343 677 1398 381
699 1356 755 1409 sq:
785 1339 895 1397 omnib.
922 1344 1012 1409 temp.
1042 1339 1132 1410 Apud
1154 1339 1270 1397 Vitruv.
1296 1340 1380 1417 deest
1409 1340 1460 1408 (cf.

212 1429 246 1490 6.
266 1428 392 1488 Mueller
409 1427 429 1484 l.
447 1427 467 1484 l.
486 1445 514 1498 p.
534 1429 569 1494 9).
992 1496 994 1502 .

314 1515 367 1574 inf.
385 1531 482 1586 praes.
501 1519 573 1572 act:
602 1513 739 1583 nihilque
757 1532 795 1572 ex
816 1533 874 1584 quo
893 1513 1006 1593 sentias
1024 1514 1098 1572 duas
1117 1531 1184 1573 esse
1208 1513 1231 1567 P
1249 1519 1291 1584 64,
1316 1522 1340 1571 5.
1359 1519 1384 1578 6,
1397 1520 1422 1581 6,
1435 1519 1460 1570 2.

316 1602 368 1660 inf.
386 1602 461 1672 perf.
480 1606 551 1660 act:
579 1619 640 1659 non
666 1601 761 1670 magis
786 1620 818 1660 se
846 1601 1039 1661 descendisse
1063 1602 1177 1672 sentire.
1198 1620 1288 1672 quam
1307 1601 1460 1660 senserint

212 1691 268 1759 (se)
296 1689 468 1749 ascendisse
496 1693 581 1758 820,
601 1693 625 1749 8.
661 1696 687 1754 3,
710 1695 735 1758 9,
754 1694 797 1747 37.
834 1694 907 1759 5,6,
934 1695 974 1746 14.
1011 1695 1036 1758 9,
1064 1695 1106 1757 21,
1132 1689 1216 1767 1.,,ᾙ
1241 1695 1284 1756 25,
1311 1695 1337 1748 7.
1374 1695 1461 1756 73,ss

212 1779 290 1848 1.,88“
311 1777 429 1849 suppli·
1203 1829 1205 1846 ,
1228 1802 1253 1854 51
1280 1850 1283 1852 ,

318 1865 371 1922 inf.
385 1881 480 1934 praes.
493 1881 587 1934 pass:
607 1864 743 1934 agnoscit
755 1863 907 1935 sentitque
921 1881 981 1921 non
995 1863 1061 1931 sibi,
1075 1864 1128 1922 sed
1140 1865 1268 1936 principi
1277 1865 1343 1934 dici
1361 1864 1422 1932 Ρ2,
1435 1872 1460 1922 2.

316 1957 390 2023 part.
418 1969 530 2022 praes:
560 1952 659 2009 omnia
686 1952 759 2010 haec
786 1957 848 2011 1811
874 1969 968 2022 prona
994 1956 1116 2021 tamque
1142 1953 1280 2013 cedentia
1297 1984 1330 2006 —
1350 1953 1462 2012 sentiet

212 2040 235 2093 P
254 2045 295 2110 16,
314 2046 339 2098 4.
375 2044 418 2105 31,
439 2045 479 2096 14.
518 2038 554 2096 cf.
575 2040 670 2097 sensit
689 2039 830 2108 delapsus
848 2039 935 2108 Verg.
954 2042 1029 2098 Aen.
1048 2044 1073 2106 2,
1093 2044 1154 2097 377.

317 2143 410 2213 quod:
438 2143 548 2202 sentire
567 2147 597 2201 et
614 2143 719 2201 lactari
737 2143 886 2213 videntur,
916 2144 996 2214 quod
1014 2144 1036 2197 P
1055 2151 1097 2212 59,
1118 2150 1157 2202 12.
1195 2145 1253 2203 hoc
1277 2145 1461 2214 exemplum,

212 2232 293 2291 unde
313 2229 428 2301 „quod‘
447 2247 486 2288 ex
503 2230 603 2289 verbis
621 2230 768 2289 sentiendi
786 2235 817 2289 et
835 2231 1006 2290 declarandi
1025 2249 1204 2302 suspensum
1223 2233 1390 2303 profectum
1411 2232 1463 2301 sit,

213 2321 419 2378 demonstrare
437 2317 567 2379 videtur.

316 2405 451 2476 quaestio
469 2403 541 2462 obl:
561 2410 585 2469 7,
604 2409 646 2473 30,
665 2409 689 2461 4.
726 2409 750 2473 6,
773 2408 812 2473 12,
834 2409 858 2461 3.
896 2411 921 2473 9,
939 2410 982 2474 27,
1004 2410 1027 2463 1.

317 2491 446 2552 transit:
476 2497 498 2562 1,
530 2497 570 2558 18,
599 2497 623 2548 a.
661 2496 685 2560 1,
710 2496 751 2560 ao,
779 2495 819 2549 12.
855 2497 881 2558 4,
908 2498 948 2560 15,
974 2498 998 2549 2.
1034 2492 1178 2561 88881.
1215 2499 1319 2563 8811.
1357 2499 1462 2563 8418.

212 2581 327 2642 tenebit
355 2597 473 2650 semper
500 2577 626 2649 quido)
662 2578 792 2636 suaserit
817 2583 861 2646 81,
887 2585 927 2636 15.
964 2585 989 2650 8,
1016 2569 1059 2642 17.
1083 2586 1125 2637 22.
1162 2585 1186 2644 4,
1211 2587 1235 2643 8,
1260 2587 1285 2638 4.
1322 2586 1464 2650 81418

148 2675 150 2682 ·
213 2675 244 2728 et
254 2671 297 2730 20.
325 2673 349 2738 8,
368 2671 410 2736 88,
429 2673 453 2726 4.
481 2672 506 2736 4,
527 2672 568 2735 15,
587 2673 611 2722 8.
640 2670 664 2734 8,
683 2670 708 2734 1,
727 2673 752 2722 4.
780 2665 870 2734 quid:
889 2671 914 2734 2,
935 2670 975 2736 18,
995 2671 1011 2724 8
1030 2668 1064 2736 (8,
1086 2673 1126 2736 18,
1147 2675 1170 2725 1.
1195 2673 1258 2739 at,
1273 2671 1307 2736 1).
1330 2669 1464 2739 1184,

317 2774 432 2845 aliquid
450 2773 501 2830 de:
521 2777 546 2841 7,
567 2775 607 2839 17,
629 2775 669 2827 13.
697 2768 770 2838 quid
789 2769 838 2827 de:
859 2775 882 2833 1.
903 2775 926 2840 5,
946 2777 962 2828 5
982 2787 1025 2840 sq.
1053 2777 1078 2839 2,
1095 2776 1136 2840 18,
1150 2776 1174 2828 3.
1204 2777 1284 2841 9,19,
1301 2778 1322 2829 1.
1342 2779 1365 2844 5,
1382 2780 1465 2844 12,4.

213 2863 290 2922 bene
308 2862 358 2920 de:
377 2869 402 2930 9,
423 2866 462 2922 13.
484 2865 523 2916 17.

318 2948 470 3016 absol.:3,
491 2952 532 3014 14,
553 2951 578 3002 2.
615 2949 762 3014 3,16,11.
798 2949 927 3012 4,10,1.
966 2951 989 3014 5,
1008 2950 1033 3011 4,
1052 2949 1078 3003 2.·
1113 2950 1242 3015 8,16,4.
1281 2947 1408 3018 Ρ41,9,

236 3075 237 3080 “
318 3057 418 3109 tueor:
439 3053 476 3110 cl.
494 3069 522 3122 p.
542 3056 584 3108 61.
927 3061 928 3067 ’

319 3140 496 3210 *tamquam
514 3145 594 3197 recte
613 3137 726 3196 factum
744 3140 863 3195 tuerer?
881 3143 906 3207 4,
927 3144 951 3207 9,
970 3143 994 3196 8.

318 3228 448 3286 transit:
469 3226 566 3284 tuitus
585 3231 696 3288 81116,
714 3227 756 3294 29,
777 3231 817 3282 19.
855 3224 960 3282 absol:
979 3225 1011 3281 in
1030 3225 1141 3283 tuendo
1160 3225 1182 3276 P
1200 3230 1244 3292 51,
1263 3229 1305 3282 27.

675 3451 702 3490 8.
732 3433 830 3490 Verba
848 3434 1011 3501 cogitandi.

320 3558 459 3614 aestimo:
478 3557 550 3616 iude
568 3557 731 3615 aPhaedro
749 3556 869 3614 videtur
885 3555 953 3625 legi.
982 3553 1077 3626 Quem
1096 3555 1196 3624 magni
1208 3555 1333 3613 aestimo
1346 3585 1379 3593 —-
1392 3573 1467 3613 con-

216 3647 298 3718 spici,
317 3645 415 3704 audiri
434 3651 459 3712 6,
477 3649 519 3712 23,
539 3650 562 3702 3.
590 3643 753 3702 aestimans
770 3661 882 3700 novum
909 3641 1083 3710 (balineum)
1100 3642 1166 3700 fieri
1185 3642 1292 3700 debere
1319 3641 1356 3710 X,
1376 3647 1419 3712 83,
1440 3649 1467 3702 1.

321 3749 454 3820 quaestio
483 3748 553 3806 obl:
581 3756 606 3816 4,
631 3754 655 3817 9,
681 3752 721 3805 18,
757 3752 888 3817 4,14,4.
926 3753 951 3816 4,
972 3751 1012 3814 14,
1032 3752 1057 3804 6.
1094 3753 1118 3814 6,
1140 3751 1180 3817 13,
1200 3753 1224 3804 5.
1261 3752 1286 3813 7,
1305 3753 1329 3815 5,
1349 3752 1373 3804 2.
1410 3765 1468 3804 an:

216 3839 254 3908 X,
274 3843 308 3896 73
327 3835 477 3904 (Troiam).
928 3860 931 3866 ·

320 3924 356 3982 cf.
376 3923 436 3983 cie.
455 3941 501 3992 ep.
521 3923 558 3980 ad
576 3923 660 3980 Brut.
682 3928 704 3990 1,
726 3927 767 3991 16,
786 3928 810 3979 5.

318 4011 451 4069 transit:
471 4011 509 4079 X,
528 4015 571 4068 84.
1164 4083 1167 4088 .

320 4104 467 4168 quantum
492 4097 649 4155 aestimare
672 4095 759 4154 licuit
783 4102 807 4166 3,
829 4101 868 4165 15,
888 4100 913 4152 3.
949 4113 967 4152 8
990 4095 1100 4165 quibus
1117 4100 1179 4152 tatu
1198 4111 1306 4162 magno
1324 4092 1467 4152 aestima-

216 4189 326 4246 bantur
346 4185 371 4243 P
390 4190 432 4254 37,
451 4191 475 4242 3.
513 4185 586 4242 satis
605 4188 676 4242 aest.
696 4182 763 4241 Tac.
781 4181 879 4240 annal.
897 4187 922 4247 4,
941 4187 982 4251 39,
1003 4188 1034 4239 15
1054 4181 1242 4252 (11811888).

320 4290 468 4348 arbitror:
488 4289 538 4348 Dr.
557 4289 588 4347 ΙΙ
606 4307 635 4358 p.
655 4293 719 4346 386:
738 4306 816 4346 omn.
836 4297 927 4358 temp.

324 4377 460 4435 Primum
479 4376 644 4435 invenitur:
664 4375 784 4433 Ennius
802 4393 848 4444 ap.
868 4375 929 4432 Cic.
948 4375 996 4432 off.
1016 4380 1041 4442 2,
1062 4379 1102 4443 18,
1122 4378 1162 4432 62.

320 4464 374 4522 inf.
393 4482 488 4534 praes.
506 4470 576 4522 aot:
607 4462 742 4520 *rectius
766 4462 930 4519 arbitrabar
956 4467 979 4525 1.
999 4466 1040 4527 20,
1060 4466 1102 4518 24.
1138 4461 1184 4531 *1,
1203 4465 1245 4528 23,
1264 4465 1287 4516 2.
1302 4457 1308 4468 ’
1326 4459 1374 4528 *3,
1393 4463 1420 4527 4,
1440 4464 1467 4516 5.

215 4560 240 4621 3,
265 4557 290 4620 3,
317 4557 342 4610 2.
380 4552 564 4610 *arbitratus
589 4556 613 4620 6,
639 4556 680 4620 19,
700 4555 724 4606 4.
762 4550 809 4618 *8,
829 4553 871 4615 23,
891 4553 914 4606 3.
953 4547 1001 4617 *8,
1020 4553 1045 4617 2,
1065 4554 1089 4604 6.
1126 4551 1314 4616 oportere-
1333 4545 1468 4616 cogitare
