3210 5236
777 395 992 458 —108—

264 596 388 666 fulciat
406 600 636 681 argumentis,
657 599 851 681 genuinam
864 598 973 667 huius
990 597 1122 667 formae
1138 603 1212 668 vim
1229 619 1306 667 esse
1322 601 1503 686 passivam

267 722 341 769 non
386 704 504 769 minus
551 701 596 769 ad
640 701 939 793 persuadendum¹
980 702 1244 773 accommodate
1290 701 1508 773 demonstrat
1584 751 1585 758 .

258 803 532 890 Weisweiler⁸⁰l
557 829 590 893 p.
609 811 650 873 49
666 827 753 893 sqq..
777 809 835 874 cui
850 809 1046 876 assentitur
1058 805 1225 876 Schmaln
1248 806 1271 874 l.
1288 805 1314 874 1.
1329 828 1364 894 p.
1380 812 1445 876 298
1457 828 1504 892 sq.

268 917 285 988 ἕ
311 916 381 978 163.
436 911 556 997 Atque
587 909 740 980 mediam
766 910 947 997 quandam
972 915 1066 981 viam
1091 914 1252 997 sequitur
1274 911 1308 979 J.
1329 911 1506 980 Lebreton

261 1014 348 1096 'idas
384 1013 444 1083 lat.
469 1013 756 1086 Verbaladiectiv
791 1016 855 1084 auf
882 1051 924 1062 -
954 1015 1048 1085 ndus
1082 1018 1120 1085 in
1152 1013 1362 1090 „Memoires
1400 1013 1443 1083 de
1475 1013 1508 1082 la

271 1120 401 1187 sociere
425 1118 468 1188 de
491 1119 726 1206 linguistique
750 1117 793 1187 de
805 1119 908 1188 Paris
933 1120 997 1197 XI.
1021 1121 1057 1203 3)
1082 1142 1115 1206 p.
1135 1125 1197 1187 145
1221 1141 1297 1206 sqq,
1322 1139 1404 1188 cum
1428 1119 1509 1187 dicit

266 1227 529 1312 antiquissimis
574 1227 795 1310 temporibus
842 1233 1034 1310 utramque
1086 1227 1119 1292 ei
1164 1228 1236 1294 vim
1282 1223 1433 1292 infuisse
1477 1230 1510 1292 et

267 1333 419 1398 activam
466 1337 500 1396 et
543 1333 739 1418 passivam,
784 1329 961 1416 paulatim
1006 1338 1125 1398 autem
1170 1350 1277 1398 usum
1318 1331 1509 1416 passivum
1586 1397 1587 1400 ,

273 1433 537 1518 praevaluisse,
585 1454 692 1519 quam
737 1437 965 1508 sententiam
997 1436 1118 1502 minus
1172 1433 1316 1520 quidem
1362 1433 1511 1502 feliciter

271 1536 428 1605 defendit
464 1541 501 1606 in
539 1536 632 1606 libro
678 1541 837 1622 egregio:
859 1619 862 1628 γ
885 1537 1021 1606 Etudes
1060 1560 1121 1606 sur
1159 1539 1196 1607 la
1232 1537 1365 1624 langue
1405 1546 1438 1607 et
1476 1536 1510 1605 la

264 1645 481 1726 ¹grammaire
516 1641 559 1709 de
583 1641 740 1710 Ciceron.
776 1642 878 1710 Paris
915 1648 994 1711 1901
1033 1664 1065 1728 p.
1102 1647 1165 1710 379
1190 1663 1266 1728 sqq.
1325 1643 1375 1712 Of.
1402 1644 1512 1712 Cauer

269 1767 415 1830 gramm.
451 1745 553 1816 milit.
577 1768 610 1832 p.
636 1751 678 1814 28
712 1748 756 1816 de
791 1746 927 1832 duplici
962 1745 1217 1815 adiectivorum
1248 1747 1450 1818 verbalium
1473 1752 1510 1817 vi

266 1860 300 1918 et
334 1853 450 1918 activa
477 1859 511 1918 et
544 1854 692 1938 passiva
714 1889 755 1898 —-
780 1859 814 1920 et
846 1850 1005 1920 eiusdem
1028 1850 1152 1918 Kunst
1182 1850 1243 1920 des
1267 1836 1504 1921 Ubersetaens

263 1977 296 2042 p.
322 1960 363 2022 52
388 1951 466 2041 qu

368 2077 418 2145 Of.
434 2077 653 2146 Weisweiler
662 2079 718 2158 31);
744 2117 785 2124 -
802 2077 851 2146 nd
874 2081 1036 2164 passivas
1054 2077 1214 2148 Correlat
1236 2100 1281 2146 nu
1302 2077 1375 2146 akt.
1392 2115 1435 2126 -
1453 2088 1508 2158 nt;
1588 2085 1589 2106 ¹

264 2181 453 2266 legendus:
486 2182 651 2268 legentur
674 2181 924 2276 =llegu11dus:
952 2181 1121 2266 leguntur
1146 2181 1321 2261 (bundust
1347 2185 1506 2264 buntur).

264 2286 460 2356 Lebreton:
485 2287 643 2358 —udus
667 2313 701 2337 =
725 2287 768 2363 άς,
803 2285 881 2362 aaa,
914 2296 955 2355 ut
985 2284 1086 2370 φυγάς.
1144 2285 1223 2355 iilo:
1260 2286 1333 2360 ἐθᾰς
1356 2313 1390 2338 =
1413 2288 1511 2373 lego:

263 2391 447 2476 legendus

369 2515 426 2582 lta
462 2536 542 2584 oum
578 2536 632 2582 res
669 2535 705 2581 se
729 2514 861 2582 habeat
895 2517 1245 2600 controversiamque
1279 2515 1380 2583 brevi
1416 2535 1510 2582 com-

199 2623 203 2633 '
268 2623 427 2708 positum
452 2621 496 2687 iri
519 2640 592 2687 non
616 2622 664 2686 sit
686 2619 889 2698 verisimile,
926 2624 1100 2705 optimum
1134 2617 1275 2686 videtur
1298 2618 1342 2686 ed
1367 2627 1511 2706 tempus

267 2723 411 2809 quidem
424 2721 707 2792 Weisweilerum
731 2727 843 2809 sequi,
867 2724 968 2796 ouius
991 2723 1082 2792 liber
1103 2745 1208 2809 quem
1231 2744 1340 2809 supra
1361 2722 1513 2792 laudavi

266 2831 424 2898 virorum
450 2827 635 2898 doctorum
672 2831 798 2896 maiori
821 2850 980 2904 numero,
1015 2827 1150 2896 scilicet
1180 2849 1254 2896 non
1278 2829 1376 2896 omni
1402 2826 1510 2896 dubi-

265 2936 401 3002 tatione
426 2932 572 3001 sublata
595 2931 736 3001 videtur
758 2934 903 3019 probari
925 2933 976 3012 (cf.
991 2931 1106 3000 Oauer
1127 2953 1176 3016 gr.
1200 2955 1246 3000 m.
1271 2955 1304 3019 p.
1323 2937 1392 3014 86).

370 3055 612 3124 Retinendum
636 3062 691 3123 est
714 3055 797 3124 hoo:

373 3182 407 3261 1)
445 3177 659 3262 gerundium
706 3199 736 3264 q.
777 3177 809 3246 d.
857 3198 937 3245 cum
981 3176 1043 3244 inf.
1089 3198 1202 3262 praes.
1253 3186 1318 3246 aot.
1366 3197 1513 3246 casuum

260 3283 495 3370 obliquorum
541 3285 636 3351 vices
693 3285 880 3361 sustineat,
926 3291 980 3349 est
1039 3282 1309 3350 substantivum
1370 3281 1512 3352 verbale

266 3386 542 3472 significationis
589 3390 741 3465 activae,
796 3385 891 3472 quod
938 3407 1060 3453 casum
1106 3388 1206 3455 verbi
1251 3390 1310 3455 sui
1337 3390 1512 3473 requirit.

265 3493 323 3574 (cf.
360 3491 472 3561 Oeuer
503 3514 552 3576 gr.
588 3515 632 3560 m.
671 3514 705 3579 p.
740 3497 782 3561 82
818 3501 851 3559 et
883 3491 1037 3569 numer,
1079 3490 1329 3576 Junggramm.
1389 3490 1512 3560 Streif·

265 3602 354 3682 ziige
378 3620 410 3683 p.
436 3599 502 3678 94.)
536 3679 539 3686 Ι

370 3724 405 3800 2)
444 3717 685 3803 gerundivum
733 3725 788 3786 est
824 3715 1040 3786 adiectivum
1079 3716 1233 3796 verbale,
1280 3721 1338 3786 cui
1383 3740 1459 3788 non
1493 3739 1515 3784 a

264 3826 440 3911 principio
476 3827 569 3893 inest
602 3827 700 3893 notio
736 3825 969 3901 necessitatis,
1010 3821 1072 3890 sed
1107 3825 1162 3890 vis
1198 3830 1233 3891 et
1267 3832 1386 3910 partes
1424 3831 1511 3910 part.

264 3949 377 4015 praes.
414 3950 527 4014 pass.;
562 3927 662 3996 illam
698 3934 817 3995 autem
854 3926 942 3994 haec
977 3927 1039 3995 vbi
1073 3926 1186 3995 forma
1220 3927 1349 4007 induit,
1385 3931 1418 3995 si
1455 3933 1515 3995 aut

268 4033 477 4101 attributive
502 4038 697 4118 usurpatur
720 4033 786 4112 (ex.
810 4052 860 4114 gu
885 4034 997 4098 virtus
1022 4029 1249 4112 admiranda)
1285 4040 1347 4099 aut
1369 4031 1510 4117 praedi-

266 4140 382 4205 cative
406 4140 636 4220 coniungitur
652 4135 710 4204 vel
734 4157 815 4203 cum
835 4134 966 4221 copula
991 4141 1107 4212 „esse‘
1133 4136 1199 4216 (err.
1216 4157 1266 4220 gr.
1286 4137 1514 4206 scribendum

171 4256 173 4262 '
265 4245 334 4320 est)
369 4241 428 4310 vel
460 4263 540 4310 cum
574 4242 681 4310 verbo
718 4239 838 4326 aliquo
875 4239 1121 4309 committendi
1154 4239 1256 4308 velut
1289 4239 1412 4320 „dare“
1451 4249 1512 4310 etc.

268 4349 338 4427 (ex.
362 4369 412 4432 gr.
437 4367 586 4433 puerum
612 4344 838 4414 educandum
862 4343 1025 4428 tradere).

372 4465 641 4551 Disputandum
667 4471 721 4532 est
744 4468 864 4548 igitur,
891 4466 988 4551 quod
1011 4464 1250 4550 gerundivum
1275 4488 1417 4553 quoque
1441 4487 1514 4536 non

267 4577 341 4639 tarn
387 4576 531 4657 propter
568 4573 642 4638 vim
681 4577 787 4656 atque
824 4568 983 4639 indolem
1022 4591 1129 4656 quam
1174 4570 1324 4658 propter
1356 4574 1515 4657 speciem
