3210 5236
745 363 961 430 -136-

229 535 339 638 dass
385 591 487 638 man
533 568 619 639 den
664 568 1115 652 Hauptnachdruck
1161 569 1243 638 auf
1277 569 1489 641 Verleuf

228 673 321 743 und
355 673 522 743 Inhalt
558 674 636 743 der
670 673 933 760 Handlung
970 674 1091 759 legt,
1129 697 1178 743 so
1217 673 1342 743 kann
1377 697 1484 744 man
1602 695 1603 710 ³

229 778 285 848 die
308 776 509 864 Handlung
532 801 604 848 von
627 778 721 848 Zeit-
747 778 822 848 und
846 779 1102 863 Aussageiorm
1137 778 1297 848 loslosen
1328 779 1487 849 111111111-

228 886 266 952 in
299 882 385 953 den
408 883 492 952 Inf.
528 883 697 953 histor.
728 891 905 952 setnen.
963 884 1076 953 Hier
1106 887 1235 970 zeigt
1263 885 1366 953 sich
1397 885 1487 954 des-

227 987 360 1056 Thun
405 990 489 1056 wic
534 992 609 1057 ein
647 986 756 1057 Bild
802 989 875 1058 fiir
921 990 1042 1069 sich,
1090 989 1262 1058 dessen
1301 987 1482 1058 Unter-

229 1091 408 1164 schrift
441 1093 532 1162 und
560 1092 949 1178 Inhaltsengabe
983 1089 1356 1164 (101111111111111.
1405 1095 1488 1164 Das-

230 1197 379 1286 Subject
413 1197 529 1267 dieses
553 1197 735 1270 Infinitivs
771 1199 886 1269 bleibt
921 1203 970 1268 im
994 1199 1214 1268 Nominativ.
1239 1222 1272 1286 p.
1298 1203 1349 1267 31.
1404 1199 1486 1268 Das

229 1301 846 1391 schilderndelmperf.(1nf.hist.)
883 1305 947 1372 het
983 1303 1047 1372 des
1071 1303 1177 1372 Thun
1213 1307 1309 1372 eines
1335 1303 1482 1388 Gegan-

230 1408 377 1476 standes
413 1411 462 1477 im
486 1409 601 1491 Auge,
635 1429 668 1494 p.
699 1413 749 1477 22.
807 1410 939 1479 Reines
968 1409 1108 1496 Imperf.
1146 1408 1299 1487 (damals
1334 1409 1487 1495 geradel

229 1512 329 1581 dient
386 1534 449 1581 nur
500 1510 887 1598 Veranschaulichung
939 1513 1013 1583 und
1061 1513 1308 1600 Schilderung.
1377 1515 1486 1582 Dazu

229 1617 358 1703 gehdrt
382 1616 442 1685 der
465 1616 530 1685 Inf.
557 1617 654 1695 hiet,
688 1639 734 1687 nu
768 1620 1020 1689 umschrelben
1055 1627 1145 1688 etwa
1181 1624 1248 1689 mit
1273 1640 1376 1699 „man
1400 1619 1486 1698 soh,

229 1742 313 1791 man
337 1720 414 1806 fing
437 1742 482 1789 an
508 1726 590 1789 etc.“
616 1742 649 1808 p.
668 1727 719 1791 23.
767 1721 883 1803 Quam
907 1727 1123 1793 sententiam
1150 1729 1235 1811 quin
1261 1727 1487 1811 accipiamus

229 1825 454 1913 libenterque
478 1847 671 1912 sequamur
695 1827 788 1897 nihil
812 1830 924 1898 obest.
983 1829 1059 1897 lam
1084 1828 1271 1898 videamus
1296 1827 1481 1916 quomodo

233 1930 437 1999 infinitivus
461 1932 655 2000 historiens
691 1953 753 2018 per
785 1939 947 2019 tempora
971 1936 1019 2002 sit
1050 1943 1257 2022 usurpatus
1315 1934 1379 2012 (De
1411 1934 1489 2002 hac
1603 1935 1604 1992 ἶ

229 2058 266 2105 re
304 2039 448 2123 copiose
488 2043 681 2124 ornateque
720 2037 889 2107 disseruit
934 2038 975 2105 Ε.
1012 2035 1209 2108 Woelfflin.
1270 2038 1406 2107 Archiv
1443 2038 1483 2107 X
1603 2053 1604 2094 1

230 2162 263 2228 p.
290 2146 391 2209 111-
401 2143 490 2221 186.)

336 2246 457 2332 Atque
481 2268 562 2316 cum
587 2245 683 2334 apud
697 2245 870 2315 Plautum
895 2246 1038 2333 quidem
1062 2251 1176 2318 rarius
1200 2249 1259 2317 hic
1275 2247 1486 2316 infinitivus

233 2351 449 2430 inveniatur,
473 2353 616 2436 saepius
641 2349 737 2437 apud
761 2350 964 2420 Terentium
987 2350 1118 2436 legitur
1142 2355 1278 2430 (vicies;
1308 2374 1340 2419 v.
1366 2351 1484 2420 Barth

230 2454 301 2522 1.-1.
327 2477 359 2543 p.
386 2460 427 2535 7),
450 2456 507 2525 bis
532 2459 638 2524 etiam
663 2459 701 2524 in
725 2459 921 2526 enuntiatis
946 2459 1212 2540 interrogativis
1238 2457 1362 2536 (Barth
1385 2477 1418 2542 p.
1439 2460 1486 2534 81,

231 2563 292 2646 qui
319 2581 407 2628 usus
438 2563 567 2629 iterum
601 2583 674 2630 non
709 2567 826 2630 exstat
859 2564 931 2630 nisi
966 2560 1062 2648 apud
1086 2561 1294 2632 Petronium
1330 2560 1479 2632 demum

230 2686 263 2751 p.
282 2670 334 2743 39,
358 2670 400 2734 23
424 2669 497 2752 (qui
521 2669 611 2735 mori
633 2669 761 2735 timore
784 2669 855 2734 nisi
879 2669 991 2750 egoi).
1039 2665 1130 2734 Oum
1155 2665 1282 2735 deinde
1307 2666 1485 2735 aOatone

232 2768 427 2839 admodum
465 2790 543 2839 raro
583 2769 806 2849 adhibeatur,
853 2770 949 2857 apud
989 2770 1194 2840 Ciceronem
1241 2775 1277 2839 in
1318 2793 1388 2839 usu
1427 2780 1486 2839 est

232 2877 388 2944 maxime
411 2877 448 2942 in
474 2875 696 2944 orationibus
721 2876 900 2960 prioribus
926 2885 960 2944 ot
982 2878 1020 2944 in
1054 2875 1231 2962 epistulis,
1267 2875 1486 2962 quadragies

234 2981 302 3058 bis,
337 2985 379 3050 ut
409 2978 562 3047 Mueller
594 2978 617 3046 1.
649 2978 672 3047 l.
708 3001 741 3066 p.
774 2985 814 3048 15
856 2979 969 3059 docet,
1005 2979 1101 3066 apud
1138 2980 1324 3049 Caesarem
1369 2983 1485 3050 uicies

232 3087 359 3163 sexies,
395 3082 629 3152 sexiesdecies
663 3106 727 3152 sex
749 3083 838 3153 locis
862 3084 950 3154 belli
974 3083 1106 3153 Gallici
1138 3088 1184 3162 (in
1216 3086 1346 3172 quibus
1371 3083 1486 3153 semel

230 3191 368 3275 passivi
395 3193 425 3266 3,
449 3195 480 3268 4,
506 3192 607 3268 1-2;
638 3189 679 3256 01.
694 3186 884 3259 Woelfflin
901 3188 929 3287 l.
955 3189 977 3256 l.
995 3211 1027 3275 p.
1055 3193 1132 3258 182:
1163 3191 1323 3276 superari
1340 3214 1374 3241 =
1390 3188 1446 3256 inl
1465 3226 1487 3236 ·

234 3296 361 3374 riorem
387 3293 492 3375 esse),
528 3291 642 3362 decies
667 3300 837 3379 quattuor
867 3293 957 3362 locis
981 3291 1068 3362 belli
1092 3293 1210 3362 civilis
1235 3296 1307 3381 (qui
1329 3293 1402 3362 loci
1425 3313 1486 3380 ap.

232 3399 449 3484 Draegerum
488 3397 524 3466 ΙΙ
561 3418 594 3484 p.
633 3395 693 3466 VI.
734 3399 862 3467 melius
901 3401 953 3466 sic
991 3406 1239 3467 numerantur:
1294 3407 1321 3477 1,
1360 3404 1412 3478 64,
1451 3405 1485 3471 3.

232 3509 263 3584 2,
286 3509 339 3580 20,
365 3512 392 3572 1.
433 3509 463 3582 3,
490 3507 539 3582 12,
563 3511 592 3572 2.
641 3508 671 3583 3,
697 3509 747 3581 11,
772 3506 830 3586 5.),
855 3505 899 3573 ab
926 3510 1069 3573 auctore
1092 3502 1180 3573 belli
1197 3504 1301 3574 Afric.
1325 3507 1486 3591 saepius

233 3608 344 3678 semel
380 3613 417 3677 in
453 3611 638 3678 enuntiato
674 3608 823 3678 relativo
857 3630 883 3676 c.
910 3614 961 3688 15,
985 3610 1048 3678 ubi
1083 3609 1143 3676 inf.
1174 3628 1268 3697 pass.
1301 3610 1486 3694 (occupati

232 3719 325 3792 esse)
358 3717 514 3800 primum
549 3721 674 3781 exstat.
705 3751 746 3758 -—
776 3712 934 3782 Cornelii
968 3713 1118 3799 Nepotis
1154 3712 1245 3783 duos
1280 3713 1485 3784 infinitivos

233 3821 426 3889 historicos
452 3817 584 3886 delevit
608 3817 734 3886 Halm:
766 3817 883 3888 Aloib.
910 3823 941 3895 6,
965 3825 984 3886 3
1006 3816 1096 3902 legit
1119 3821 1392 3897 „reminiscens“
1417 3841 1486 3908 pro

232 3925 473 4004 „reminisci“;
491 3923 594 3992 Eum.
609 3930 639 4004 9,
654 3929 686 3990 1:
701 3926 927 4009 „quaeritur“
941 3945 1004 4007 pro
1021 3928 1240 4009 „quaerere“.
1263 3922 1485 4012 Saepissime

234 4037 352 4099 autem
391 4037 497 4115 atque
533 4027 798 4113 elegantissime
829 4027 890 4096 inf.
915 4029 998 4096 hist.
1031 4036 1226 4115 usurpetur
1260 4027 1485 4096 aSallustio

233 4143 272 4212 (o.
297 4139 339 4202 94
363 4134 562 4215 terdecies),
596 4137 633 4202 111
667 4136 851 4202 enuntiato
884 4131 1033 4201 relativo
1059 4132 1135 4216 Ing.
1171 4137 1223 4211 59,
1255 4139 1274 4201 3
1309 4141 1344 4200 et
1376 4138 1427 4206 70.
1450 4139 1485 4202 5.

234 4240 285 4309 Of.
327 4239 477 4309 Carolus
518 4238 761 4308 Hucbenthal.
807 4244 956 4324 quaestt.
998 4237 1040 4306 de
1087 4260 1155 4307 usu
1194 4239 1254 4306 inf.
1301 4237 1385 4306 hist.
1425 4258 1482 4326 ap.

235 4344 451 4414 Sallustium
503 4351 538 4412 et
583 4343 756 4412 Tacitum.
818 4341 912 4410 Diss.
963 4342 1043 4412 Hal.
1093 4348 1186 4411 1881.
1249 4343 1403 4428 Dreeger
1446 4341 1487 4410 Π

231 4473 264 4538 p.
290 4455 365 4529 570,
399 4472 430 4537 p.
458 4449 532 4528 629,
564 4453 652 4528 21);
688 4447 836 4514 aLivio
872 4450 986 4515 rarius
1028 4457 1135 4533 etque
1172 4451 1223 4516 ita
1253 4446 1407 4534 quidem,
1442 4458 1487 4516 ut

234 4554 496 4625 infinitivorum
533 4574 704 4622 numerus
739 4551 915 4639 paulatim
940 4555 1141 4631 minuatur;
1177 4573 1260 4620 nem
1293 4574 1374 4621 oum
1396 4575 1422 4620 e.
1447 4574 1485 4636 g.
