3228 5232
744 353 960 418 --13-

335 556 506 622 honestum:
524 553 644 624 quando
662 551 737 612 mihi
753 553 864 625 licebit,
883 557 1003 625 quando
1020 577 1074 629 per
1091 566 1220 623 aetatem
1231 563 1391 626 honestum
1407 569 1479 638 erit,

231 644 342 705 imitari
359 643 442 703 istud
460 687 466 700 .
487 686 493 700 .
512 640 703 711 exemplum?
738 646 764 710 4,
781 645 824 711 23,
843 649 868 702 4.
904 649 929 712 5,
950 649 973 716 1,
992 650 1018 702 3.

247 811 251 816 Ι
338 731 447 792 absol:
464 734 490 798 3,
513 735 535 796 1,
556 734 596 787 11.
632 727 862 798 6101110113,
884 737 985 799 15,64.

336 823 508 877 humanum:
544 815 635 876 molle
669 821 699 876 11
733 815 898 876 humanum
932 825 978 878 est
1014 821 1065 890 (sc.
1097 823 1221 894 dicerel:
1257 827 1357 898 habes,
1398 830 1479 898 quod

233 925 312 980 aga&
331 910 479 1051 1111111110
500 997 529 1050 tr
559 1008 625 1051 esse
653 990 784 1062 principi
813 992 873 1052 nisi
902 993 1002 1054 odisse
1031 994 1056 1054 P
1083 1001 1125 1066 85,
1160 1003 1176 1056 8
1208 1001 1327 1068 (modus
1358 1002 1480 1063 dicendi

233 1081 514 1148 insolentissimusl)

338 1169 547 1248 illitteratum:
566 1183 594 1222 v.
614 1163 771 1239 ἀφιλόκαλον
790 1169 815 1235 2,
834 1170 860 1235 11,
877 1171 902 1226 8.

339 1258 550 1313 *Immensum
569 1272 597 1311 v.
615 1252 744 1312 arduum
762 1259 786 1325 8,
805 1261 830 1321 4,
848 1258 874 1314 3.

339 1344 540 1400 immodicum:
559 1346 707 1411 quantum
724 1348 794 1401 voto
810 1347 913 1413 petere
931 1343 950 1402 i.
968 1349 1031 1404 erat
1047 1352 1073 1411 4,
1094 1352 1134 1416 17,
1155 1355 1180 1406 9.
1216 1348 1254 1420 Χ,
1274 1355 1332 1410 104.

340 1431 515 1501 improbum:
534 1447 560 1486 v.
580 1428 727 1486 furiosum
745 1433 769 1497 7,
789 1433 831 1499 30,
850 1438 875 1489 5.
925 1440 927 1446 ’
1085 1445 1086 1454 ’

340 1520 507 1575 incentum:
525 1534 565 1575 ne
583 1515 624 1575 sit
640 1515 795 1575 incautum
814 1546 847 1557 -
864 1535 928 1576 rem
947 1519 1074 1579 subdere
1090 1525 1116 1592 3,
1136 1527 1178 1581 19.
1195 1527 1222 1581 4·

341 1608 437 1664 iners:
455 1624 484 1664 v.
504 1601 661 1679 ἀφιλόκαλον
680 1607 706 1671 2,
726 1609 750 1673 3,
770 1608 794 1662 8.

341 1694 488 1763 iniquum:
506 1709 575 1750 cum
594 1691 647 1749 inf.
666 1708 728 1749 non
745 1696 845 1751 exstat
862 1710 908 1763 ap.
925 1693 971 1751 Pl.

342 1781 512 1838 insolitum:
540 1796 610 1838 cum
626 1777 680 1837 ini.
698 1796 760 1837 non
777 1785 876 1839 exstat
893 1798 939 1851 ap.
957 1780 1035 1840 Plin.
1055 1788 1102 1841 ut:
1122 1783 1153 1841 in
1171 1783 1308 1855 principe
1325 1802 1427 1844 rarum
1447 1803 1484 1844 ac

239 1888 332 1942 prope
350 1867 506 1928 insolitum
525 1872 580 1936 est,
598 1871 634 1924 ut
652 1883 684 1924 se
701 1871 787 1936 putet
805 1865 969 1936 obligatum
987 1868 1011 1926 P
1031 1873 1073 1938 60,
1094 1874 1136 1928 15.
1592 1933 1593 1938 ,

342 1956 561 2022 irrellglosum:
589 1953 675 2012 cuius
701 1953 918 2013 dedicationem
936 1985 970 1994 -
988 1955 1107 2015 differre
1132 1955 1250 2026 longius
1275 1957 1481 2028 irreligiosum

239 2051 286 2104 est
313 2049 383 2114 4,1,
406 2048 447 2101 15.
515 2055 516 2058 ’

342 2131 516 2187 iucundum:
548 2123 610 2186 tam
637 2128 802 2187 iucundum
830 2132 876 2187 est
909 2128 1055 2188 vindicari
1088 2148 1178 2200 quam
1212 2130 1310 2203 decipi
1341 2132 1487 2193 miserum

240 2225 326 2288 111,
344 2225 368 2278 s.
405 2224 430 2286 1,
449 2223 492 2286 24,
511 2223 550 2275 s·
573 2219 620 2286 *s
639 2221 663 2286 s,
682 2222 708 2273 4.

344 2307 382 2366 cf.
400 2305 461 2365 iam
477 2304 530 2364 illa
546 2321 692 2375 perquam
710 2304 841 2363 iucunda
859 2321 920 2362 una
937 2303 1116 2369 dicentibus,
1141 2305 1221 2376 quod
1239 2306 1334 2366 libera
1352 2313 1488 2379 tempora

241 2396 369 2468 petebat,
387 2393 467 2464 quod
485 2392 640 2451 audituros
658 2392 834 2461 corrogabat
852 2397 877 2460 6,
897 2397 921 2458 1,
939 2395 964 2450 3.
1006 2409 1082 2462 quae
1106 2397 1136 2451 et
1159 2392 1215 2451 tibi
1238 2394 1344 2452 auditu
1363 2393 1485 2453 etmihi
1595 2396 1596 2432 1

241 2485 339 2544 relatu
356 2480 488 2542 iucunda
505 2485 594 2539 erunt
612 2484 637 2548 5,
656 2483 681 2549 6,
700 2485 724 2536 4.

346 2571 382 2642 cf.
411 2567 540 2638 strepitu
566 2567 694 2636 visuque
716 2565 882 2624 iucundum
905 2573 930 2635 5,
955 2571 980 2636 6,
1006 2571 1047 2624 28.
1084 2567 1119 2626 si:
1151 2568 1296 2638 perquam
1319 2568 1490 2628 iucundum
1596 2584 1597 2596 ¹

242 2659 330 2718 nobis
347 2656 413 2718 erit.
432 2655 509 2714 si-
527 2655 689 2714 contulerit
707 2661 732 2723 4,
753 2660 795 2725 15,
815 2660 855 2712 13.
893 2661 918 2723 5,
939 2660 980 2724 13,
999 2660 1024 2714 9.
1061 2661 1085 2724 7,
1104 2659 1146 2725 33,
1166 2661 1191 2713 3.

347 2743 586 2814 qu0d:3,11‚8.
623 2742 790 2813 exprimere
812 2757 873 2801 non
895 2759 1020 2813 possum
1044 2760 1134 2813 quam
1151 2742 1320 2801 iucundum
1346 2745 1386 2802 sit
1403 2743 1491 2813 mihi,

244 2832 323 2903 quod
341 2837 366 2895 7,
385 2835 409 2900 8,
430 2836 453 2888 l.
490 2830 658 2900 exprimere
675 2847 735 2888 non
753 2847 877 2899 possum
896 2847 986 2900 quam
1005 2830 1045 2888 sit
1063 2830 1092 2898 1.,
1111 2829 1192 2900 quod
1211 2835 1235 2900 9,
1254 2835 1297 2900 23,
1316 2837 1343 2888 3.

348 2917 571 2975 *laboriosumz
595 2917 615 2975 l.
633 2924 663 2975 et
684 2916 782 2974 taedio
806 2916 937 2987 plenum,
963 2917 1016 2975 sed
1039 2917 1229 2976 fructuosum
1253 2918 1492 2978 recalescere..

244 3014 274 3066 et
290 3023 442 3064 resumere
459 3035 492 3043 -
511 3005 698 3063 intexere-
716 3022 772 3063 nec
789 3011 888 3063 tamen
907 3036 940 3042 -
958 3004 1078 3063 turbare
1096 3010 1122 3071 7,
1141 3010 1166 3070 9,
1185 3010 1209 3062 6.

348 3094 513 3149 laudabile:
533 3098 557 3161 5,
576 3096 601 3161 3,
620 3098 645 3149 4.

350 3181 487 3237 liberum:
505 3197 575 3238 cum
591 3179 691 3238 dativo
709 3196 867 3249 personae:
887 3179 943 3238 erit
962 3207 995 3218 -
1015 3179 1144 3238 liberum
1166 3179 1254 3237 nobis
1273 3179 1322 3238 vel
1338 3179 1493 3249 publicare

245 3268 294 3328 vel
312 3268 465 3328 continere
485 3273 508 3338 l,
527 3272 552 3335 8,
572 3273 597 3325 3.
633 3272 657 3337 3,
679 3272 702 3336 1,
721 3273 746 3324 8.
783 3272 807 3328 3.
827 3272 851 3336 8,
871 3272 897 3323 4.
933 3271 957 3336 8,
978 3271 1062 3335 18,3.
1099 3272 1231 3336 9,19,5.

350 3355 415 3415 sine
433 3355 532 3413 dativo
550 3372 710 3425 personae:
729 3359 772 3423 24,
790 3359 833 3412 22,
870 3353 894 3412 Ρ
912 3359 955 3422 46,
974 3359 998 3413 9.

349 3445 385 3502 of.
403 3443 574 3513 Lagergren
593 3442 614 3499 l.
635 3441 657 3500 l.
673 3460 701 3512 p·
722 3446 779 3499 165.

351 3533 483 3600 longum:
512 3530 532 3588 l.
551 3535 597 3589 est
621 3529 713 3588 altius
730 3535 866 3599 repetere
883 3534 947 3598 2,6,
964 3535 987 3587 1.
1020 3534 1045 3593 7,
1059 3535 1100 3598 16,
1113 3535 1138 3586 4.
1169 3535 1194 3597 9,
1209 3533 1250 3598 13,
1264 3535 1288 3587 8.
1316 3528 1355 3587 si:
1374 3534 1399 3595 5,
1413 3533 1496 3595 342.

350 3618 530 3673 luctuosum:
558 3635 583 3676 c.
612 3617 665 3674 inf.
688 3634 747 3676 non
772 3635 819 3687 ap.
838 3616 916 3674 Plin.
941 3616 1035 3687 quod:
1063 3634 1124 3674 non
1151 3616 1237 3675 triste
1263 3616 1360 3674 solum
1389 3634 1496 3675 verum

247 3706 337 3764 etiam
354 3705 534 3770 luctuosum,
553 3705 634 3774 quod
655 3735 685 3743 -
704 3705 834 3763 decessit
852 3711 876 3770 5,
895 3709 938 3772 21,
956 3709 981 3762 3.

353 3793 390 3852 cl.
411 3791 471 3851 Cic.
490 3810 545 3862 pro
564 3791 704 3864 Quinctio
723 3798 757 3850 95
785 3792 837 3858 (ibi
865 3809 920 3851 sex
947 3791 1006 3849 alia
1032 3790 1180 3850 adiectiva
1200 3821 1232 3829 —
1251 3791 1346 3860 gradu
1365 3790 1495 3861 positivo

249 3886 278 3938 et
297 3880 392 3950 gradu
410 3879 610 3949 comparativo
629 3909 662 3918 ·
681 3897 750 3938 oum
768 3880 919 3939 infinitivo
937 3879 1174 3945 construuntur).

352 3968 553 4033 magnificum:
573 3984 611 4025 m.
629 3971 676 4024 est
693 3967 810 4026 civibus
828 3967 901 4037 iura,
921 3967 995 4037 quid
1012 3966 1152 4025 hostibus
1172 3964 1318 4023 reddere?
1348 3965 1373 4023 P
1392 3970 1434 4034 56,
1456 3968 1497 4021 11.

354 4053 535 4123 Exemplum
554 4053 953 4121 111111111111111ςᾶίο111111
972 4053 1080 4112 modus
1098 4052 1362 4112 insolentissimus.

354 4140 569 4209 *magnifieum
592 4147 623 4201 et
646 4147 733 4220 tuum
758 4143 829 4212 (seq.
849 4148 865 4199 5
883 4141 1045 4209 infinitivi).
1095 4143 1131 4199 cf.
1150 4158 1177 4210 p.
1197 4145 1213 4197 9
1231 4144 1262 4198 et
1278 4143 1320 4196 22.
1366 4139 1391 4198 P
1409 4143 1452 4208 25,
1470 4144 1498 4196 3.

356 4227 447 4298 quod:
467 4234 514 4289 est
532 4230 733 4299 magnificum,
752 4230 832 4300 quod
851 4228 1049 4300 -reprimis,
1077 4228 1130 4286 sed
1148 4226 1397 4298 magnificentius,
1417 4226 1498 4296 quod

250 4316 275 4374 P
295 4320 343 4383 83,
371 4321 397 4373 7.

356 4420 506 4472 magnum:
532 4405 703 4465 condire-
721 4405 883 4475 adiungere
900 4422 961 4464 non
987 4404 1087 4462 minus
1106 4401 1230 4462 difficile
1248 4420 1338 4472 quam
1356 4418 1498 4470 magnum

252 4497 299 4551 est
315 4497 342 4560 4,
360 4499 385 4563 3,
405 4500 428 4550 2.
457 4497 482 4562 2,
501 4499 526 4563 3,
544 4499 569 4550 3.
600 4499 747 4564 7,17,15.
784 4492 870 4562 Ρ16,
889 4497 930 4551 26.
960 4497 1045 4560 51,1.
1074 4496 1115 4556 56,
1136 4488 1521 4560 magnum—maiust,
