3228 5232
761 379 975 441 ..4-

349 581 536 651 Praeterea
558 579 627 652 hoo
648 580 728 650 looo
752 602 826 650 non
849 585 1147 668 praetermiserim
1162 587 1200 652 in
1216 583 1330 653 Plinii
1345 587 1487 672 seriptis
1607 597 1608 674 i

245 685 436 764 interdum,
459 689 573 756 rarius
591 688 715 774 utique
732 707 839 774 qnam
856 686 952 774 apud
967 686 1191 772 Taeitum¹⁰),
1216 689 1365 758 verbnm
1383 692 1489 758 exiis

247 812 336 879 quae
360 790 577 860 antecedunt
600 799 663 859 aut
686 812 776 878 quae
800 800 999 878 sequuntur
1028 795 1066 860 in
1098 792 1221 864 eadem
1255 800 1319 862 aut
1348 795 1385 862 in
1419 791 1489 861 alia

246 896 360 964 forma
393 902 512 966 mente
546 893 789 982 supplendum
824 917 911 965 esse.
970 895 1022 964 De
1061 897 1129 966 hae
1163 920 1199 967 re
1234 921 1266 966 v.
1292 897 1490 981 Draegeri

243 1022 278 1086 p.
302 1005 375 1070 206.
422 998 590 1068 Sohmala
623 1021 657 1086 p.
682 1005 746 1068 215
774 1001 923 1070 verbum
952 999 1096 1070 finitum
1131 1005 1249 1072 omitti
1272 1004 1427 1070 maxime
1450 1004 1490 1070 in

248 1103 390 1190 dialogo
416 1103 519 1173 dooet
542 1106 638 1172 etin
661 1104 828 1192 epistulis
851 1125 1000 1191 eamque
1024 1103 1180 1191 ellipsim
1210 1103 1376 1176 idoneam
1400 1127 1487 1184 esse,

246 1229 337 1296 qnae
360 1212 517 1279 sermoni
540 1229 698 1278 severam
729 1215 764 1277 et
787 1207 964 1278 effioaoem
993 1210 1205 1280 brevitatem
1232 1209 1374 1289 afferam
1410 1230 1488 1278 sae·

244 1316 392 1398 pissime
426 1335 521 1395 vero,
555 1315 763 1400 praesertim
798 1315 830 1380 si
865 1314 908 1382 ab
944 1312 1124 1383 infinitivo
1161 1313 1251 1384 alter
1284 1313 1487 1384 infinitivus
1607 1345 1608 1376 r

245 1415 412 1504 pendeat,
436 1415 653 1487 voeabulum
671 1439 749 1485 asse
773 1417 911 1499 (fuisse,
933 1417 1022 1500 fore)
1041 1419 1227 1502 omitti¹1);
1252 1440 1357 1507 quem
1381 1441 1489 1488 usum
1607 1419 1608 1434 ¹

246 1520 388 1591 dieendi
423 1542 462 1591 eo
498 1525 614 1606 magis
647 1525 768 1606 augeri
791 1521 971 1609 latiusque
1001 1530 1131 1610 patere,
1167 1546 1237 1611 quo
1263 1527 1342 1612 quis
1366 1533 1488 1611 poste-

244 1628 425 1708 rioribus}
439 1627 888 1713 temporibuesoripserit.
919 1627 1158 1699 ''Pronomen'
1192 1629 1355 1715 uanique
1400 1629 1489 1698 sub-⁴

244 1711 413 1813 ieotiyum
450 1733 516 1805 in
525 1735 821 1827 construetione
840 1735 1037 1803 accusativi
1070 1745 1151 1800 oum
1185 1732 1316 1802 infinit‘
1292 1741 1365 1802 ιιιο
1397 1755 1487 1804 eon
1607 1787 1608 1814 ,

244 1839 378 1916 iuneti,
393 1853 432 1909 a
444 1805 589 1912 Plinio
610 1857 768 1923 qnoquer
786 1839 931 1924 saepius
964 1834 1107 1924 neglegi
1137 1839 1274 1908 mirum
1304 1859 1381 1906 esse
1415 1857 1489 1957 non

239 1939 470 2074 potestffii,
455 1957 471 1966 ”
511 1951 685 2020 ἰηιῑι
961 1975 965 1982 ·
1252 1967 1276 1980 “
1360 1972 1395 1986 ·
1453 1977 1466 1986 r
1607 1939 1608 1948 ’

767 2081 973 2092 ...-,......-.........
1019 2087 1020 2092 ι

670 2191 674 2218 ²
718 2207 1179 2435 Canuti
1156 2303 1176 2324 ,
1353 2185 1412 2366 ;’

364 2499 644 2582 infinitivus
665 2504 743 2641 est
760 2478 971 2622 'sutieotlrn
1002 2502 1364 2636 grammaticum

253 2641 401 2750 Hie
417 2636 593 2748 infinitivi
617 2699 703 2748 usus
727 2625 871 2746 uidetur
900 2658 952 2744 sie
975 2680 1080 2745 ortus
1097 2676 1423 2746 esse:infinit't1vus
1447 2684 1493 2745 ut

245 2743 370 2850 semel
381 2777 508 2854 locum
540 2781 787 2869 supplementi
821 2782 1012 2851 verborum
1041 2781 1288 2866 personalium
1320 2783 1489 2857 obtinuit

178 2905 181 2910 ¹
245 2887 351 2958 etiarn
376 2884 422 2956 ad
444 2886 554 2954 uerba
569 2885 825 2972 impersonalia
843 2888 1002 2964 arcessit,
1026 2887 1195 2969 quoniam
1211 2905 1366 2972 persona
1382 2888 1518 2970 tertia,
1607 2911 1608 2984 ι

244 2992 383 3061 numeri
398 2989 686 3081 singularisgen.
703 2992 841 3076 passi-vi
858 2991 1019 3059 omnium
1035 2989 1224 3059 verborum
1241 2989 1486 3076 personalium
1607 3047 1608 3084 ,

246 3093 697 3180 impersonaliterquoque
723 3095 887 3179 usurpari
909 3099 1047 3179 potesti
1071 3093 1258 3178 queneto
1283 3094 1492 3163 infinitivus
1607 3111 1608 3198 ι

245 3201 421 3272 etiamex
441 3197 698 3276 locutionibus,
727 3218 816 3284 quae
840 3196 1018 3267 eiusmodi
1043 3199 1159 3267 verbis
1183 3198 1497 3284 impersonalibus·

245 3311 490 3386 congruerent,
512 3311 619 3389 aptus
644 3306 792 3371 exstitit,
838 3299 1015 3382 Quaeres
1045 3306 1237 3388 perspicua
1267 3302 1310 3370 fit
1332 3302 1493 3372 formula
1607 3373 1608 3376 ,

244 3405 1492 3494 mathematioat·concediturzlio'etssoopiaestisohmala.l.l.p.286)..
1607 3413 1608 3456 l

247 3512 363 3580 Aliter
387 3512 531 3597 quidem
554 3515 665 3579 sentit
679 3510 816 3586 Tudeer
839 3509 893 3577 De
915 3509 1087 3579 infinitivi
1109 3513 1283 3580 sermonis
1309 3511 1489 3585 Homerioi

244 3619 382 3686 ratione
406 3614 864 3702 syntaetioarllelsingfors
890 3621 974 3686 1876
990 3636 1022 3700 p.
1040 3621 1072 3693 9,
1097 3619 1158 3700 qui
1174 3637 1252 3682 eam
1269 3623 1491 3686 structuram
1607 3599 1608 3650 l

244 3724 296 3789 ita
320 3729 434 3790 ortam
458 3741 536 3788 esse
558 3723 682 3806 putat,
702 3728 743 3788 ut
772 3743 854 3789 oum
876 3719 1078 3790 infinitivus
1103 3722 1332 3789 aeouratioris
1357 3719 1486 3788 defini÷

244 3827 355 3895 tionis
380 3833 490 3894 eausa
513 3846 593 3892 oum
616 3823 802 3894 adieetivis
826 3828 1040 3895 ooniunetus
1064 3831 1175 3903 esset,
1192 3845 1245 3892 ex.
1270 3846 1320 3908 gr.
1345 3823 1490 3908 ἀργαλέος

243 3930 298 4014 γὰρ
318 3927 480 4013 Ὀλύμπιος
511 3927 726 4014 ἀντιφέρεσθαι,
762 3932 867 3998 etiam
898 3932 935 3996 in
969 3930 1166 3996 enuntiatis
1196 3937 1398 4013 poneretur,
1433 3949 1488 3997 ex.

243 4055 293 4118 gr.
325 4031 532 4118 oipruliorii
562 4030 663 4098 ποσσὶν
693 4031 887 4118 ἐριδήσασθαι
906 4030 1037 4118 'Apulum
1066 4032 1331 4112 (Nordenstam,
1366 4031 1489 4101 studia
1607 4019 1608 4026 ι

244 4141 445 4224 syntaetioa
474 4136 492 4204 Ι
522 4142 633 4223 p.·28.
679 4135 957 4223 Upsala1893).
1011 4135 1082 4204 Sed
1116 4137 1204 4205 haee
1227 4139 1490 4224 interpretatio,

245 4244 411 4327 quamvis
435 4245 573 4326 egregie
596 4245 635 4310 in
657 4241 1010 4326 linguamGraeoam
1034 4239 1149 4319 eadat,
1170 4241 1324 4310 Latinae
1340 4240 1491 4326 linguae

244 4344 505 4414 accommodari
541 4367 614 4414 non
648 4353 784 4432 potest,
829 4344 923 4432 quod
970 4348 1187 4414 oonstruotio
1205 4389 1208 4408 ι
1226 4344 1397 4414 infinitivi
1443 4367 1489 4414 ex
1607 4337 1608 4344 ι

245 4449 420 4520 adieetivo
438 4453 514 4536 apti
529 4452 871 4536 perraroinveniturf
890 4451 1155 4536 antiquioribus
1163 4447 1327 4533 Linguae
1335 4451 1490 4518 Latinae
1607 4461 1608 4466 ’

243 4555 464 4641 temporibus
490 4560 526 4621 et
546 4562 673 4641 postea
695 4554 839 4622 demum
862 4554 971 4622 latius
995 4555 1257 4641 patebatenm
1282 4554 1493 4624 infinitivus
