3228 5232
622 401 837 464 ...15-

104 609 231 694 optimi
255 609 335 674 aeri
357 625 555 692 pronomen
587 603 908 678 demonstrativum
938 601 998 672 vel
1019 592 1355 690 possesstuurnlco'r

102 709 369 797 pronominalis
392 709 548 790 ¹(solum,
571 711 742 791 tantum),
777 707 821 776 ad
856 707 1077 778 infinitivum
1099 699 1353 796 ‘apposdorunt

105 823 175 896 (ex,
191 831 241 900 gr.
260 815 331 887 Cic.
349 813 494 884 Tuscul.
507 822 543 895 l,
560 819 614 894 22,
629 818 690 882 52:
714 814 784 882 ho'e
801 835 838 881 se
853 814 974 900 ips'um
989 827 1097 900 posse
1112 816 1356 910 cognoscendi

89 919 288 994 'Sedjhuno
304 941 410 989 usum
428 918 622 989 admodum
640 918 1142 988 circumcisumiuissedoo'ot
1159 908 1202 986 Gr
1212 909 1355 990 *Mullor-

105 1023 236 1103 (Lehre
260 1047 343 1094 vonr
367 1022 472 1093 Infin.
496 1027 546 1093 im
569 1025 648 1093 Lat.
683 1024 782 1110 Prgr.
808 1021 1093 1104 11661111118111)
1117 1045 1150 1109 p.
1174 1012 1206 1091 8².
1235 1013 1351 1111 'Apud

103 1127 305 1209 Caesarem,
322 1128 548 1210 Sallustium,
566 1130 724 1209 Livium,
740 1127 952 1198 Vitruvium
969 1129 1028 1196 hic
1050 1126 1260 1196 infinitivus
1271 1143 1352 1198 ‘non

103 1237 297 1313 invenitur,
332 1233 460 1303 deinde
494 1233 590 1320 apud
624 1233 789 1303 Persium
825 1235 961 1314 (meum
994 1231 1101 1313 velle,
1134 1222 1214 1301 hocf
1238 1231 1355 1301 ridere

103 1340 252 1420 meum),
276 1336 541 1418 Quintilianum
554 1341 556 1366 ³
567 1341 701 1420 (totum
716 1339 785 1409 lroc
803 1346 885 1425 apte
902 1337 1044 1418 dicere),
1055 1335 1359 1425 apudrSene'o'am

103 1442 228 1530 Oedip.
247 1447 327 1514 922:
352 1446 473 1529 ipsum
496 1447 668 1513 metuisse
692 1443 769 1525 (ins.
787 1443 878 1530 perf.
897 1445 1052 1529 primum
1069 1441 1165 1530 apud
1180 1437 1351 1510 Ouidium

100 1549 334 1627 her.l,164:
369 1569 511 1617 amasse
534 1548 680 1632 meum).
734 1546 846 1616 Hilar.
871 1548 959 1616 Piot.
992 1550 1190 1623 trinu-tii:
1226 1538 1350 1615 rerum

103 1675 144 1723 ac
167 1656 352 1740 proprium
369 1657 457 1722 esse.
493 1654 671 1722 Iuvencus
691 1659 819 1733 1,-131ε
843 1651 1004 1722 voluisse
1020 1659 1133 1721 tuum.
1169 1651 1221 1720 Et
1234 1645 1357 1720 anim-¹¹

101 1755 359 1827 advertendum
395 1767 449 1826 cet
473 1757 678 1828 Ciceronem
715 1758 931 1828 attributum
961 1756 1150 1826 infinitivo
1175 1749 1355 1825 adiecisse

100 1866 140 1930 in
167 1862 338 1949 epistolis
373 1871 516 1934 tantum
547 1871 586 1933 et
619 1868 655 1934 in
689 1863 792 1934 libris
828 1865 890 1948 qui
922 1862 965 1931 de
989 1857 1350 1950 philosoph‘ia'sunt,

100 1966 312 2054 plerumque
337 1967 382 2036 ad
406 1972 493 2037 artis
508 1967 813 2057 philosophorum
830 1965 1009 2038 vocabula
1024 1965 1139 2036 latine
1152 1953 1358 2034 reddendas

100 2073 205 2142 beato
241 2074 359 2140 vivere
398 2073 440 2152 (τὸ
480 2073 672 2158 εὐδαιμονεῖν)
712 2096 778 2142 vos
817 2077 854 2142 in
886 2067 1081 2158 ¹voluptate
1115 2073 1264 2158 ponitis
1286 2069 1357 2140 fine

100 2181 134 2256 2,
157 2181 209 2256 21,
233 2181 293 2257 86;
315 2179 348 2240 τὸ
365 2183 417 2262 ζῆν
432 2212 466 2238 =
482 2182 601 2247 vivere
625 2183 755 2266 ipsum,
779 2179 811 2241 τὸ
835 2177 915 2264 ἔχειν
930 2211 964 2236 =
979 2176 1119 2246 habere.

205 2280 347 2350 Plinius
378 2282 487 2351 semel
519 2287 632 2352 utitur
662 2283 730 2352 hoo
761 2281 959 2352 infinitivo:
996 2302 1048 2368 ep.
1075 2287 1106 2360 8,
1129 2286 1161 2358 9,
1186 2287 1220 2348 1:
1255 2278 1348 2348 illud

99 2387 195 2452 inere
220 2384 374 2471 quidam,
408 2386 607 2456 iucundum
635 2395 755 2457 temen
780 2386 879 2456 nihil
897 2407 1011 2472 agere,
1046 2383 1138 2459 nihil
1163 2405 1251 2476 esse,
1286 2387 1349 2470 qui

99 2487 229 2557 modus
254 2488 395 2558 dicendi
419 2490 644 2586 aliquantum
670 2490 838 2561 abhorret
862 2495 1060 2578 apriorum
1077 2487 1348 2567 consuetudine,

100 2615 182 2661 oum
206 2602 328 2663 noster
351 2593 530 2664 adiectiva
552 2618 637 2665 vera
660 2596 705 2665 ad
729 2594 952 2666 infinitivum
975 2587 1192 2681 apposuerit.
1305 2589 1308 2594 ’

205 2697 326 2784 Atque
360 2703 574 2785 pronomine
609 2705 816 2790 possessivo
852 2699 897 2770 ad
932 2699 1155 2769 infinitivum
1190 2697 1346 2767 admisso

99 2799 178 2869 fieri
200 2823 274 2872 non
297 2806 427 2889 potuit,
451 2807 538 2891 quin
562 2807 788 2891 pronominis
811 2826 951 2891 person.
969 2806 1158 2890 genetivus
1182 2791 1356 2870 similiter

96 2915 340 2993 usurparetur,
365 2911 427 2994 qui
449 2912 605 2996 primum
629 2913 811 2978 invenitur
829 2909 922 2997 apud
938 2907 1055 2978 Valer.
1073 2907 1170 2977 Man.
1196 2909 1242 2996 (l,
1259 2913 1291 2985 3,
1307 2913 1345 2978 l:

97 3014 203 3079 cuius
239 3012 301 3093 (so.
327 3011 449 3095 Fabii)
483 3035 557 3089 non
592 3012 763 3082 dimicare
797 3017 938 3083 vincere
972 3013 1051 3082 fuit.
1097 3009 1214 3079 Valar.
1249 3010 1345 3080 Max.

98 3121 132 3193 6,
150 3120 181 3196 9,
197 3120 234 3183 5:
260 3119 337 3185 cius
362 3116 455 3186 valle
479 3126 514 3186 et
536 3119 668 3204 posse).
710 3113 1244 3206 561166611111.6616110113]
1269 3121 1346 3186 cius

99 3223 235 3300 vivere;
269 3219 353 3288 inde
390 3219 655 3292 aTertulliano
691 3225 835 3310 saepius
870 3221 995 3309 (Hilar.
1028 3221 1116 3289 Pict.
1148 3222 1345 3300 11111.2.6;

98 3325 176 3391 eius
210 3345 287 3392 esse
323 3326 359 3392 in
395 3346 433 3392 se
465 3327 545 3408 est).
601 3325 677 3396 Alii
712 3331 871 3414 genetivi
901 3335 1045 3396 exstant
1077 3325 1220 3395 demum
1250 3326 1346 3414 apud

95 3429 253 3524 Marium
275 3427 513 3513 Victorinum,
544 3454 596 3502 ex.
626 3455 676 3518 gr.
714 3437 803 3503 scire
839 3437 953 3521 ipsius
978 3433 1055 3502 Dei.
1102 3457 1134 3502 v.
1159 3431 1347 3503 Woelfflin

95 3533 119 3601 1.
144 3533 167 3602 1.
194 3555 226 3620 p.
253 3537 295 3600 73
319 3555 395 3620 sqq.

202 3639 345 3708 Plinius
370 3642 516 3710 nullum
530 3642 641 3711 huius
658 3641 757 3712 modi
773 3643 974 3730 exemplum
993 3646 1148 3732 praebat.
1165 3682 1208 3690 -
1226 3643 1351 3730 Atquc'

96 3741 185 3812 haec
206 3743 389 3813 hactenus.
427 3744 624 3816 Videamus
648 3767 756 3826 nunc,
780 3747 960 3835 quomodo
984 3748 1187 3818 infinitivus
1209 3769 1345 3835 eprae-

94 3850 339 3934 positionibus
373 3849 535 3934 pendeat.
594 3849 799 3933 (Woelfflin
833 3851 856 3920 l.
886 3853 909 3920 l.
943 3875 976 3939 p.
1009 3860 1061 3932 71,
1095 3859 1146 3931 12,
1180 3859 1221 3922 18
1252 3854 1346 3938 sqq.)

96 3952 214 4040 Quem!
228 3975 335 4022 usum
352 3953 493 4024 dicendi
514 3956 824 4044 breviloquentiae
840 3961 1011 4027 inservire
1027 3967 1062 4026 et
1078 3962 1345 4028 enuntiatorum

96 4057 275 4126 inferioris
312 4058 447 4127 ordinis
481 4063 622 4131 vicibus
656 4061 759 4146 fungi
795 4072 922 4132 notum
957 4070 1019 4130 est.
1072 4063 1192 4150 Atque
1215 4061 1347 4146 Miiller

95 4161 242 4248 quidam
266 4162 304 4242 (l.
328 4161 352 4231 l.
369 4186 402 4248 p.
421 4169 457 4248 1)
482 4163 585 4235 docet
608 4165 829 4237 infinitivum
855 4167 951 4251 apud
976 4171 1131 4255 optimos
1156 4171 1345 4255 scriptores

95 4289 114 4333 e
138 4269 468 4353 praepositionibus
501 4291 575 4340 non
609 4270 766 4358 pendere
788 4275 860 4340 nisi
883 4294 901 4340 6
923 4276 1187 4359 praepositione
1210 4275 1346 4351 ,,111161“

94 4374 133 4438 111
155 4369 340 4441 locutione
365 4375 536 4452 „interest
558 4378 690 4456 inter“;
723 4397 814 4462 quae
848 4379 1003 4463 primum
1021 4381 1218 4447 xinuenitur
1250 4376 1346 4463 apud

93 4477 301 4546 Ciceronem
333 4476 393 4545 fin.
419 4484 449 4560 2,
475 4485 527 4559 13,
551 4485 610 4548 43;
643 4484 735 4550 inter
768 4484 902 4568 optime
924 4481 1043 4550 valere
1075 4490 1111 4550 61
1132 4483 1350 4566 gravissime

94 4593 278 4665 aegrotare
324 4583 417 4652 nihil
463 4587 635 4653 interesse
687 4588 878 4666 (imitatio.
903 4590 1101 4655 sententiae
1146 4586 1345 4672 Pyrrhonis
