3210 5236
636 379 852 441 —141—

221 583 264 651 In
297 581 390 651 libro
426 604 521 650 nono
557 583 644 650 haeo
678 583 862 666 leguntur:
903 587 933 663 9,
972 589 1023 664 13,
1062 589 1095 650 l:
1135 581 1208 651 Ubi
1243 583 1371 667 ooepi

113 691 252 757 orimen
308 689 500 772 attingere,
551 709 651 756 reum
705 686 901 765 destinare,
948 686 1066 755 adhue
1117 693 1238 755 tamen
1293 688 1370 754 sine

115 795 274 870 nomine,
317 790 475 876 undique
512 791 603 859 mihi
642 791 902 860 reclamari.¹
943 794 1084 878 ·Atque
1118 793 1175 860 vb,
1214 794 1369 878 „eoepit“

113 895 176 978 (ol.
214 895 346 964 Sohiitr
379 917 410 982 p.
446 900 485 964 18
510 899 572 982 sq.)
619 898 869 980 cognationem
913 895 1093 982 quandam
1127 896 1259 965 habere
1291 917 1371 963 oum

118 1000 302 1070 infinitivo
327 999 540 1085 descriptivo
576 1003 699 1085 negari
722 1022 795 1068 non
819 1009 948 1086 potest,
985 1022 1065 1068 oum
1100 1009 1251 1086 utroque
1274 998 1370 1068 idem

116 1126 381 1191 nonnunquam
417 1103 639 1188 significetur
675 1103 770 1192 quod
807 1103 962 1173 Graecae
998 1105 1145 1190 linguae
1184 1107 1373 1188 „aoristo“,

115 1216 342 1280 momentum
396 1231 425 1295 q.
473 1207 504 1277 d.
559 1212 809 1294 ingressivum.
879 1208 1054 1290 (laenieke
1092 1209 1115 1277 l.
1154 1209 1177 1278 1.
1224 1231 1254 1296 p.
1296 1215 1368 1279 138.

117 1314 288 1384 Sohmaln
334 1335 367 1400 p.
396 1317 487 1392 335).
557 1313 764 1382 Infinitivus
814 1313 1038 1392 „reclamari“
1087 1322 1205 1383 autem
1252 1322 1371 1400 potest

95 1418 284 1502 -intellegi
321 1426 382 1486 aut
415 1440 494 1502 gen.
528 1421 677 1505 passivi,
713 1422 743 1487 si
770 1418 966 1504 „undique‘
1005 1418 1096 1487 idem
1134 1420 1233 1488 valet
1267 1428 1372 1506 atque

121 1524 188 1603 „ab
215 1524 394 1602 omnibuS,
421 1527 482 1609 qui
505 1523 662 1602 aderant,
696 1525 827 1592 oiroum
850 1545 906 1591 me
932 1528 1049 1592 erant‘
1076 1532 1139 1592 aut
1161 1545 1239 1608 gen.
1265 1524 1373 1592 medii
1410 1589 1427 1606 ,

117 1627 243 1708 (kaum
268 1679 273 1690 .
299 1677 305 1689 .
332 1677 338 1690 .
370 1627 415 1695 da
439 1626 668 1712 allgemeiner
693 1626 972 1715 Widerspruohl.

226 1738 257 1811 9,
270 1737 321 1811 33,
339 1737 358 1798 4
372 1753 441 1818 sq:
460 1769 502 1777 -
517 1754 605 1818 puer
620 1770 663 1778 -
679 1736 716 1800 in
739 1732 909 1802 ulteriora
925 1733 1061 1802 tendob
1073 1739 1123 1800 at.
1168 1732 1373 1820 Delphinus

119 1840 290 1907 ooeurrit
306 1873 348 1882 -
366 1844 400 1904 et
416 1858 512 1905 nuno
526 1836 795 1932 praeoedere
819 1859 981 1925 puerum,
998 1859 1094 1906 nuno
1111 1840 1254 1925 sequi,
1277 1859 1374 1906 nuno

118 1944 363 2021 circumire,
392 1948 573 2028 postremo
598 1942 772 2021 subire,
805 1941 1046 2030 deponere,
1070 1945 1199 2011 iterum
1223 1944 1374 2012 subire

117 2045 431 2132 trepidantemque
466 2045 661 2132 perferre
695 2051 851 2132 primum
887 2050 925 2114 in
960 2045 1085 2125 altum,
1120 2069 1204 2116 mox
1238 2046 1374 2116 flectit

118 2149 168 2219 ad
205 2150 293 2219 litus
331 2149 546 2236 redditque
590 2157 712 2218 terrae.
762 2149 903 2238 Serpit
940 2172 1003 2236 per
1041 2149 1218 2220 coloniam
1261 2151 1372 2220 sama:

118 2276 390 2324 concurrere
426 2276 560 2334 omnes,
599 2259 718 2340 ipsum
754 2277 904 2341 puerum
939 2264 1124 2341 tamquam
1160 2254 1373 2324 miraculum

114 2362 344 2446 aaspieere,
374 2363 676 2444 interrogare,
709 2359 883 2440 audire,
913 2381 1103 2428 narrare.

227 2463 455 2533 Habemus?
491 2463 691 2533 infinitivos
719 2466 791 2535 vbi.
825 2468 1006 2534 transitivi
1039 2468 1118 2534 et5
1149 2465 1209 2535 inf.
1243 2469 1374 2552 partim

119 2571 334 2637 transitivos
358 2572 489 2656 partim
513 2572 773 2639 intransitivos.

228 2673 335 2742 Liber
371 2673 453 2742 Xus
492 2696 605 2742 unum
642 2675 790 2761 praebet
836 2674 1041 2761 exemplum
1079 2678 1117 2743 in
1160 2673 1316 2762 epistula
1354 2695 1375 2741 a

119 2776 243 2846 Plinio
268 2777 313 2847 ad
327 2777 519 2848 Traianum
544 2779 643 2847 data:
668 2779 715 2858 X,
739 2786 791 2860 81,
816 2785 852 2847 4ε
878 2778 1080 2867 Eumolpus
1096 2817 1139 2826 —
1164 2778 1373 2849 dilationem

116 2889 240 2968 petere
264 2886 430 2970 eoepit:
455 2891 611 2953 eontra
636 2884 730 2952 Dion
754 2892 795 2952 ut
819 2884 1001 2953 audiretur
1024 2888 1216 2969 exigere.

224 2987 267 3056 In
291 2991 506 3075 panegyrico
524 2997 654 3057 exstat:
679 2989 918 3068 P22‚'1—11:
944 2989 991 3058 Te
1007 2988 1147 3077 parvuli
1175 3009 1374 3067 noscere,

120 3099 357 3161 ostentare
380 3096 539 3172 iuvenes,
563 3097 718 3162 mirari
741 3101 855 3174 aenea,
884 3098 981 3179 aegri
1005 3131 1046 3140 -
1069 3093 1115 3163 ad
1141 3101 1373 3182 conspectum

117 3198 177 3265 tui
202 3234 241 3242 -
265 3218 514 3285 prorepere.
571 3197 660 3267 Inde
685 3197 747 3267 alii
771 3221 809 3267 se
839 3202 928 3268 satis
958 3202 1094 3268 vixisse
1126 3205 1158 3267 te
1188 3201 1277 3279 viso,
1313 3197 1377 3265 alii

118 3322 219 3370 nune
241 3304 357 3386 magis
381 3325 458 3372 esse
482 3302 678 3372 vivendum
701 3302 1014 3390 praedicabant.
1126 3301 1129 3308 '
